2340 3990
853 275 979 323 PARS
1007 274 1223 323 OCTAVA.
1895 273 1986 323 5⁵15

106 382 153 443 si
188 381 379 456 quinta
414 380 655 456 synodus
692 379 838 436 inter
864 380 1205 437 oecumenica
1235 377 1469 435 concilia
1501 377 1686 435 locum
1713 361 1986 447 'obtinuit‚

82 520 93 556 ;-
106 481 234 555 quis
266 479 442 536 nescit
474 479 576 535 hoc
605 477 687 534 illi
715 495 918 535 nomen
948 483 1002 534 et
1022 478 1406 534 auctoritatem
1434 476 1723 533 obvenisse
1757 474 1824 533 ex
1860 493 1991 532 con-

75 564 78 573 ’
106 578 417 634 firmatione
451 575 629 650 ipsius
649 575 832 648 Vigilii
869 580 921 631 et
963 575 1197 631 aliorum
1234 575 1609 631 Romanorum
1642 573 1990 643 Pontificum,

109 681 163 732 et
192 693 256 731 ex
280 675 655 747 acceptatione
681 671 881 729 deinde
910 672 1267 728 occidentalis
1291 671 1581 729 Ecclesiae‘?
1602 693 1629 725 n

183 772 493 828 Concilium
519 770 1186 844 Constantinopolitanum
1210 770 1458 835 tertium,
1484 769 1739 842 generale
1761 774 1994 838 sextum,

110 886 222 924 non
268 868 373 923 fuit
415 867 483 923 ab
531 867 862 942 imperatore
897 867 1252 925 Constantino
1299 867 1572 939 Pogonato
1614 871 1994 936 convocatum,
2035 944 2038 947 ι

117 966 224 1022 nisi
265 973 385 1041 post
418 966 727 1040 praestitum
770 966 837 1022 ab
859 966 1138 1039 Agathone
1177 966 1313 1039 Papa
1351 981 1705 1032 consensum,
1747 969 1802 1020 et
1841 982 1999 1019 suam

39 1065 43 1070 ’
114 1064 181 1119 ad
229 1064 284 1118 id
329 1063 711 1121 auctoritatem
757 1063 1054 1118 adhibente
1095 1062 1289 1117 eodem
1330 1062 1612 1134 Agathone
1668 1061 1809 1133 (vide
1858 1060 2004 1134 apud

114 1161 439 1232 Muzzarelli‚
483 1164 549 1217 cle
578 1162 900 1216 Auctoritate
948 1160 1100 1214 Rom.
1142 1159 1414 1228 Pontificis
1463 1161 1516 1214 in
1562 1159 1810 1223 conciliis,
1858 1163 1898 1213 t.
1939 1159 2003 1227 11,

115 1274 169 1328 p.
205 1255 333 1320 202,
365 1255 491 1309 edit.
527 1253 790 1325 Lovanii).

192 1353 498 1407 Concilium
533 1351 813 1405 Nieaenum
860 1348 1190 1416 secundum,
1239 1350 1497 1419 generale
1544 1351 1863 1423 septimum,
1908 1350 2006 1404 Ha-

122 1542 348 1597 drianus
380 1542 602 1614 scripsit
642 1541 829 1597 Carolo
863 1542 1094 1614 Magno:
1135 1543 1249 1598 «Et
1291 1542 1371 1598 sic
1415 1544 1688 1621 synodum
1727 1543 1890 1597 istam
1924 1560 2006 1596 se-

126 1641 345 1695 eundum
386 1648 614 1695 nostram
655 1641 1034 1696 ordinationem
1074 1641 1400 1697 fecerunt.»
1451 1641 1670 1714 (Labbe,
1711 1646 1858 1696 tomo
1897 1639 2001 1703 vll,

123 1739 227 1793 col.
264 1737 394 1804 962,
429 1738 560 1792 edit.
604 1738 848 1807 Parisiis,
880 1738 1070 1806 1671.)
1218 1800 1221 1803 ᾗ

200 1834 503 1890 Concilium
540 1834 1204 1908 Constantinopolitanum
1243 1842 1526 1908 quartum,
1570 1834 1822 1908 generale
1861 1840 2006 1889 octa-

128 1950 278 1999 vum,
316 1932 476 2004 jussu
522 1931 780 1986 Hadriani
825 1932 979 2006 Papae
1018 1933 1060 1986 ll
1109 1940 1465 1989 convocatum
1511 1938 1614 1988 est.
1663 1932 1810 2003 (Vide
1861 1931 2007 2004 apud

130 2028 451 2096 Muzzarelli,
485 2035 633 2083 tomo
660 2028 846 2098 citato,
883 2048 936 2102 p.
977 2028 1132 2099 258.)

202 2126 354 2188 Quod
382 2127 569 2181 decem
601 2125 707 2181 alia
735 2126 967 2181 concilia
994 2126 1357 2197 oecumenica,
1390 2126 1444 2182 id
1471 2132 1573 2192 est,
1603 2133 1840 2200 quatuor
1861 2125 2009 2180 Late-

128 2224 400 2294 ranensia‚
428 2223 536 2278 duo
551 2223 959 2294 Lugdunensia,
978 2222 1301 2287 Viennense‚
1332 2224 1726 2291 Florentinum,
1750 2223 2009 2278 ultimum

128 2321 507 2389 Lateranense,
547 2327 596 2376 et
622 2321 1028 2391 Tridentinum,
1057 2322 1431 2376 Romanorum
1469 2322 1792 2377 Pontificum
1825 2328 2010 2376 aucto-

128 2417 289 2472 ritate
328 2422 616 2471 convocata
669 2418 894 2484 suerint,
939 2418 996 2471 in
1046 2418 1278 2472 dubium
1316 2419 1526 2474 vocavit
1571 2419 1778 2474 nullus.
1839 2417 2010 2489 Igitur

130 2531 253 2568 vera
291 2514 469 2586 prima
503 2531 628 2586 pars
665 2514 1079 2587 propositioniS‚
1109 2515 1162 2569 id
1191 2522 1291 2581 est,
1336 2517 1570 2591 synodos
1610 2516 1678 2570 ab
1716 2516 2008 2587 imperato-

128 2612 287 2667 ribus
313 2619 654 2677 convoeataS‚
683 2620 858 2686 etpro
882 2614 1238 2669 oecumenicis
1261 2615 1473 2670 habitas
1498 2633 1558 2670 ac
1584 2620 1844 2687 receptas,
1874 2631 2008 2668 non-

133 2709 242 2763 nisi
275 2710 747 2767 consentientibus
773 2711 1034 2769 Romanis
1071 2713 1428 2769 Pontificibus
1469 2714 1770 2769 celebratas
1814 2713 2004 2767 fuisse.

205 2805 339 2861 Vera
369 2806 531 2861 etiam
557 2809 796 2862 secunda
814 2827 965 2881 pars,
995 2810 1049 2863 id
1082 2817 1184 2877 est,
1212 2818 1476 2881 tanquam
1504 2809 1881 2863 conventicula
1910 2826 2007 2863 seu

130 2902 494 2958 conciliabula
517 2903 802 2976 reprobata
821 2904 988 2960 fuisse
1008 2906 1237 2960 concilia
1262 2925 1383 2979 quee
1407 2905 1756 2962 assentientis
1774 2906 2007 2962 Romani

130 2999 403 3055 Pontificis
444 3001 769 3058 auctoritate
812 3011 1130 3060 caruerunt.
1185 3005 1349 3060 «Hoc
1394 3005 1553 3061 tilulo
1603 3005 1699 3077 (ait
1745 3004 2008 3075 Formiis,

64 3141 66 3143 .
132 3117 182 3153 v,
218 3099 518 3165 Concilium,
571 3106 673 3155 art.
720 3102 771 3169 1,
816 3119 872 3156 n.
920 3103 1010 3173 11)
1055 3103 1411 3177 reprobatum
1453 3098 1636 3159 est'in
1670 3103 1877 3178 synodo
1905 3103 2009 3157 Ro-

134 3210 293 3247 mana
320 3211 349 3246 a
376 3193 632 3266 Gregorio
661 3195 704 3248 11
738 3197 1171 3253 conciliabulum
1208 3199 1874 3272 Constantinopolitanum
1906 3205 2013 3254 tre-

133 3295 420 3344 centorum
450 3291 863 3365 Episcoporum‚
899 3303 1286 3369 congregatum
1317 3315 1458 3352 anno
1490 3296 1616 3360 750,
1663 3295 1856 3350 eodem
1883 3295 2010 3349 Gre-

134 3386 287 3457 gorio
315 3387 602 3453 renitente,
630 3407 659 3443 a
686 3390 853 3448 Leone
886 3392 1074 3449 Isauro
1101 3394 1452 3469 imperatore.
1477 3426 1543 3433 —
1571 3392 1771 3446 Eadem
1804 3392 2017 3447 ratione

137 3482 193 3535 in
226 3482 459 3538 concilio
491 3483 739 3542 Romano
775 3507 805 3544 a
833 3490 1109 3564 Stephano
1143 3493 1224 3559 lv,
1271 3511 1414 3548 anno
1462 3491 1589 3554 769,
1626 3489 1859 3544 rescissa
1887 3494 2017 3543 sunt

135 3583 249 3632 acta
274 3579 621 3636 conciliabuli
649 3582 1230 3661 Constantinopolitani
1257 3586 1712 3662 pseudo-septimi
1736 3586 2018 3642 universa-

120 1446 299 1500 driani
335 1445 486 1517 Papa?
513 1443 857 1499 ordinatione
888 1450 1243 1500 convocatum
1284 1445 1412 1499 fuit.
1451 1445 1537 1500 Sic
1576 1445 1723 1500 enim
1768 1445 1884 1518 ipse
1909 1444 2007 1498 lla·
2094 1504 2108 1522 Ι
