2352 4126
913 366 1043 412 PARS
1073 365 1269 418 QUARTA
1280 402 1292 413 .
1328 410 1334 414 ,
1995 365 2054 412 25

246 477 501 542 SecundO,
523 494 583 532 ex
602 475 738 532 falso
754 474 851 530 illo
867 473 1036 545 sacto,
1053 462 1246 530 salsam
1261 471 1576 530 Bossuetius
1594 471 2050 546 consequentiam

168 574 419 631 deduxit.
463 573 597 628 Nam
639 578 755 627 esto
793 586 903 625 non
945 569 1184 641 potuerit
1218 569 1369 642 Hugo
1406 573 1685 624 terrenam
1724 573 2051 642 potestatem

170 670 477 746 spiritualis
496 667 704 742 judicio
730 666 1034 739 subjectam
1065 665 1283 738 docere,
1310 666 1447 740 quin
1475 667 1919 741 synchronorum
1961 683 2050 723 re-

169 769 547 842 probationem
582 782 644 820 ac
669 762 953 819 irrisiones
977 762 1033 816 in
1060 779 1119 818 se
1155 764 1504 820 concitaverit
1534 786 1545 815 ε
1578 764 1626 820 si
1653 770 1836 820 tamen
1856 763 1932 821 ita
1958 763 2055 820 do-

170 864 364 929 cuerit,
388 868 547 937 prout
570 878 755 916 revera
786 859 1040 937 docuisse
1077 859 1201 914 luce
1238 860 1544 917 meridiana
1583 861 1788 918 clarius
1827 879 1893 917 ex
1926 878 2055 917 con-

171 968 318 1017 textu
355 965 518 1034 patet,
553 963 875 1031 sequeretur
913 955 1202 1011 dumtaxat
1237 955 1420 1029 ipsum
1469 963 1664 1014 eontra
1702 975 2052 1015 communem

172 1057 495 1115 sententiam
531 1054 841 1129 scripsisse.
882 1055 946 1109 At
990 1070 1103 1109 non
1127 1058 1471 1128 sequeretur,
1502 1062 1664 1127 prout
1690 1056 1808 1111 vult
1831 1056 2058 1113 Bossue-

171 1157 301 1226 tius,
334 1153 506 1228 ipsius
537 1153 700 1208 verba
725 1170 833 1208 non
867 1151 1175 1224 significare
1201 1151 1346 1223 quod
1375 1151 1824 1208 manifestissime
1848 1153 2056 1227 signiti-

170 1258 313 1320 cant,
346 1258 396 1306 et
431 1250 845 1324 interpretanda
884 1267 1003 1305 esse
1041 1249 1100 1303 in
1138 1249 1414 1304 contrario
1447 1266 1636 1316 sensu,
1671 1266 1836 1322 quem
1881 1252 2058 1305 mani-

164 1347 463 1404 festissime
482 1348 796 1403 excludunt.
821 1379 895 1386 —
913 1347 967 1402 4⁰
993 1346 1233 1402 Tandem
1262 1345 1452 1419 objicit
1477 1345 1813 1414 BossuetiuS,
1843 1347 2055 1402 nullam

166 1447 232 1502 ab
263 1447 483 1519 Hugone
510 1447 847 1502 mentionem
874 1446 1075 1501 factam
1099 1445 1165 1501 de
1193 1444 1405 1501 recenti
1439 1443 1781 1518 depositione
1822 1444 2061 1519 impera-

166 1551 348 1599 torum
389 1544 606 1599 Henriei
638 1545 698 1598 IV
741 1550 791 1599 et
833 1542 1052 1599 Henrici
1092 1543 1152 1596 V.
1189 1541 1324 1606 Quid
1357 1559 1486 1596 vero
1514 1541 1678 1597 inde?
1704 1543 1786 1596 An
1809 1541 2059 1614 sequitur

167 1661 295 1699 eum
322 1661 431 1698 non
457 1643 746 1717 scripsisse
775 1643 918 1716 quod
952 1640 1194 1715 scripsit,
1227 1640 1280 1695 id
1307 1647 1413 1710 est,
1440 1648 1697 1696 terrenam
1716 1644 2051 1714 potestatem,

167 1745 209 1796 si
247 1744 377 1796 bona.
405 1761 502 1797 non
546 1744 722 1814 fuerit,
745 1742 1082 1812 judicandam
1125 1758 1235 1794 esse
1266 1759 1296 1794 α
1328 1740 1623 1811 spirituali?
1664 1740 1896 1813 Insuper
1921 1739 2054 1812 quid

171 1838 397 1903 mirum,
431 1839 488 1891 in
514 1844 744 1894 tractatu
781 1839 842 1892 de
869 1838 1247 1905 SacramentiS,
1275 1837 1371 1892 ubi
1414 1837 1658 1892 breviter
1690 1843 1743 1892 et
1778 1855 1874 1911 per
1912 1842 2059 1892 tran-

171 1952 399 1989 sennam
423 1934 710 2006 utriusque
745 1934 1027 2007 potestatis
1054 1935 1325 2007 objectum
1363 1941 1416 1990 et
1463 1935 1640 1990 officia
1684 1936 1898 2006 edocet,
1925 1954 2055 1991 eum

168 2049 278 2086 non
307 2033 616 2088 excurrisse
646 2033 702 2086 in
725 2033 1088 2088 enarrandam
1116 2033 1518 2106 imperatorum
1541 2033 1916 2106 depositorum
1944 2034 2055 2087 his-

168 2128 405 2183 toriam?
429 2129 577 2184 Adde
607 2147 676 2184 ne
703 2130 756 2183 id
783 2130 1003 2201 quidem
1039 2130 1210 2185 asseri
1252 2149 1433 2203 posse,
1477 2130 1762 2201 Hugonem
1792 2129 1859 2184 de
1903 2127 2056 2183 hisce

165 2223 595 2297 depositionibus
622 2242 733 2278 non
759 2226 1072 2298 scripsisse,
1101 2244 1227 2280 curn
1256 2227 1430 2280 muita
1459 2226 1576 2297 ejus
1615 2225 1816 2298 scripta
1842 2224 2055 2280 deside-

167 2327 382 2389 rentur,
407 2339 691 2394 paucaque
715 2321 782 2375 ad
809 2339 908 2376 nos
937 2321 1308 2395 pervenerint.

240 2417 504 2474 Remanet
529 2419 596 2473 ab
617 2419 841 2491 Hugone
862 2426 1067 2474 certam
1097 2419 1315 2474 edoceri
1338 2437 1523 2475 veram
1542 2419 1796 2474 Ecclesiae
1820 2423 2052 2491 potesta·

168 2522 278 2571 tem
310 2517 366 2571 in
390 2535 504 2573 rem
530 2517 887 2590 temporalem
915 2522 1183 2573 statuum.

399 2749 422 2799 g
450 2748 488 2788 5.
510 2772 559 2778 -
583 2749 787 2790 Doctrinae
803 2749 970 2789 Joannis
993 2748 1043 2788 de
1072 2748 1282 2798 Salisbury
1301 2753 1346 2787 et
1374 2746 1593 2787 Alexandri
1618 2746 1670 2787 de
1691 2746 1797 2787 Ales.

243 2890 283 2944 1.
327 2890 560 2945 Joannes
586 2891 652 2946 de
674 2890 974 2966 Salisbury,
1007 2909 1152 2946 anno
1183 2891 1325 2946 1172
1354 2890 1700 2946 Carnotensis
1724 2889 2047 2963 EpiscopUS,

166 2986 414 3042 interfuit
440 2987 787 3044 Lateranensi
810 2988 1042 3044 coneilio
1069 2990 1250 3055 tertio,
1285 2989 1344 3043 in
1373 3007 1484 3062 quo
1512 2988 1794 3062 depositus
1819 2986 1920 3042 fuit
1947 2986 2050 3040 im-

165 3092 386 3156 perator
416 3084 677 3140 llenricus
716 3085 757 3140 Ι.
802 3086 897 3141 Ille
925 3104 1089 3159 porro
1130 3086 1452 3160 Episcopus,
1496 3103 1605 3141 non
1649 3090 1862 3140 tantum
1903 3086 2049 3157 ejus-

169 3181 318 3236 modi
363 3182 761 3254 depositionem
804 3183 1052 3258 probavit
1095 3201 1156 3239 ac
1200 3183 1502 3256 legitimam
1542 3181 1896 3247 existimavit,
1955 3181 2049 3236 sed

169 3273 373 3330 factum
402 3277 547 3332 istud
568 3285 827 3350 tanquam
851 3279 1113 3335 idoneum
1135 3279 1203 3334 ad
1232 3279 1656 3352 compescendos
1675 3294 1868 3351 pravos
1894 3275 2046 3330 Prin-

172 3370 312 3443 cipes
335 3377 779 3434 commemoravit
799 3377 856 3432 in
883 3379 1029 3433 hunc
1061 3378 1287 3433 modum
1310 3398 1321 3429 ε
1351 3398 1377 3429 «
1403 3378 1463 3431 Et
1489 3376 1535 3432 si
1554 3376 1914 3431 historiarum
1937 3389 2047 3426 non

172 3477 418 3526 movetur
466 3475 731 3549 exemplis
765 3477 882 3549 (rex
917 3476 1172 3549 Angliae),
1223 3494 1352 3531 eum
1393 3477 1478 3531 vel
1515 3474 1840 3530 Fredericus
1879 3485 2045 3525 exau-

170 3571 363 3635 gustus
396 3574 570 3645 potest
612 3572 910 3642 instruere,
943 3573 1038 3645 qui
1074 3574 1142 3628 de
1173 3571 1390 3645 fastigio
1428 3571 1658 3628 Romani
1700 3563 1944 3640 imperii,
1975 3561 2044 3616 ob

168 3660 420 3717 Ecclesia}
444 3669 897 3738 persecutionem,
913 3669 969 3724 in
992 3675 1371 3744 paupertatem
1395 3674 1447 3724 et
1467 3664 1824 3741 ignominiam
1847 3657 2040 3727 miser,
