2340 3990
286 249 374 295 558
964 246 1259 294 TRAcrATth
1289 246 1355 292 DE
1385 229 1533 292 PAP'A.

285 376 454 433 quam
493 356 623 414 fidei
665 352 1132 428 controversiam,
1171 357 1278 413 hoc
1322 356 1444 431 ipso
1488 356 1814 430 contingere
1853 374 1965 413 non
2003 349 2218 432 poterit

281 462 345 514 ut
371 457 616 533 synodus
639 453 987 510 oecumenica
1014 453 1087 510 sit
1113 456 1183 511 ad
1206 457 1313 512 hoc
1339 455 1530 530 ipsum
1562 455 1897 513 necessaria.

357 554 634 609 Pnoposmo
659 552 742 607 V⁸.
777 584 836 592 —
868 550 1155 609 Concilium
1186 557 1556 611 oecamenicum
1599 572 1709 610 non
1749 561 1827 610 est
1859 539 2208 624 necessarium

282 660 342 709 nt
371 668 576 706 errores
609 657 661 706 et
691 650 910 708 haereses
935 652 1251 709 damnentur
1274 672 1390 710 enm
1421 654 1606 728 plena,
1634 672 1727 710 seu
1765 672 1867 727 qua
1893 655 2065 727 major
2099 673 2209 711 esse

279 756 508 823 nequeat
551 752 891 806 auctoritate.
927 751 1154 808 —Nam
1193 753 1605 828 propositiones
1652 753 1923 809 damnare
1956 758 2021 808 ut
2062 769 2209 810 erro·

2290 823 2310 842 :2
2302 803 2303 806 „
2287 723 2313 766 ‘5ae
2286 612 2313 710 -ῑ-έΝ-ῑρἡ
2280 404 2319 592 -32-.Q‘?⁸⁴·;<r‘
2288 302 2307 356 ,.···““

281 866 416 906 neas
451 855 547 905 aut
589 849 903 920 haereticaS,
933 851 1030 924 [est
1071 851 1338 909 dirimere
1383 851 1788 910 controversias
1825 851 1975 907 fidei.
2015 850 2206 920 Porr0,
2291 854 2295 855 ⁷

281 967 346 1006 ex
376 950 714 1024 praecedenti
741 951 1147 1025 propositione,
1184 958 1246 1008 ut
1275 948 1617 1009 dirimantur
1656 970 1787 1008 cum
1823 951 1984 1025 plena
2022 956 2208 1008 aucto·

279 1055 444 1106 ritate
473 1051 864 1108 controversiae
891 1051 1040 1119 fidei,
1075 1053 1461 1110 necessarium
1486 1071 1598 1109 non
1631 1057 1711 1109 est
1738 1051 2042 1108 concilium
2065 1068 2212 1107 oecu-
2299 1072 2302 1073 ⁷

282 1150 591 1219 monicum,
629 1151 724 1207 scd
765 1151 973 1207 sufficit.
1002 1153 1199 1208 collata
1226 1153 1476 1209 Romano
1504 1152 1758 1209 Pontifici
1792 1151 2113 1208 auctoritas.
2135 1181 2212 1191 —

279 1249 549 1307 Praeterea
592 1268 657 1306 ex
698 1269 871 1324 supra
911 1251 1075 1308 citata
1117 1253 1343 1309 concilii
1385 1253 1691 1310 Florentini
1729 1252 2073 1322 definitione,
2108 1251 2231 1307 Ro-·

282 1366 452 1404 mano
480 1347 736 1403 Pontifici
758 1349 887 1421 jure
918 1349 1398 1424 divinocompetit
1424 1351 1856 1424 plenapotestas
1886 1350 2209 1406 universam

281 1445 585 1502 Ecclesiam
606 1446 863 1513 docendi,
888 1447 1117 1520 regendi
1146 1454 1314 1522 atque
1333 1448 1707 1521 gubernandi.
1729 1448 1895 1504 Porro
1918 1448 2043 1503 talis
2070 1465 2210 1521 prae-

280 1545 528 1619 rogativa
559 1546 801 1602 includit
829 1547 924 1620 jus
957 1547 1196 1604 haereses
1237 1548 1541 1604 damnandi
1583 1553 1647 1604 ut
1680 1553 1849 1623 patet,
1896 1554 1949 1604 et
1983 1547 2208 1621 quidem

279 1662 409 1700 cum
437 1649 707 1718 potestate
732 1646 892 1718 plena
927 1664 1026 1702 seu
1058 1664 1167 1719 qua
1192 1646 1429 1703 existere
1456 1652 1703 1721 nequeat
1731 1648 1929 1722 major,
1963 1664 2064 1703 seu
2094 1665 2207 1702 ma-

284 1743 368 1816 gis
399 1744 766 1801 conscientias
794 1745 1209 1820 constringens.

353 1843 642 1899 I'norosmo
682 1845 781 1901 vlss.
809 1880 877 1886 -—
901 1845 1190 1902 Concilium
1222 1849 1589 1902 (reamenicmn
1616 1865 1719 1902 non
1749 1854 1825 1903 est
1857 1850 2207 1903 necessariam

279 1948 337 1996 at
361 1943 639 1999 schismata
675 1948 895 2017 proprie
922 1946 1060 2001 clieta
1093 1947 1410 2002 damnentur
1438 1950 1755 2003 auctoritate
1775 1948 1958 2020 plena,
1988 1966 2079 2003 seu
2108 1965 2209 2019 aaa

287 2043 458 2114 major
482 2062 594 2099 esse
624 2053 866 2118 nequeat.
893 2080 962 2087 —
980 2045 1377 2102 Schismaticos
1398 2050 1616 2120 proprie
1645 2047 1810 2102 dictos
1828 2065 2092 2103 vocamus
2119 2063 2210 2102 005

285 2143 381 2217 qui
413 2152 562 2201 certe
597 2146 847 2219 legitimo
885 2146 1134 2203 Romano
1161 2146 1414 2203 Pontifici
1443 2148 1667 2204 obedire
1695 2154 1960 2203 renuunt.
1990 2147 2211 2202 Dissen-

284 2243 470 2301 siones
491 2251 680 2301 autem
707 2264 829 2320 quae
857 2246 1144 2303 orirentur
1169 2247 1318 2304 inter
1337 2247 1646 2304 catholicos
1675 2247 1897 2320 quando
1925 2247 2119 2319 plures
2145 2247 2215 2301 de

287 2349 495 2417 papatu
525 2346 893 2416 contendunt,
925 2351 978 2401 et
1012 2351 1163 2402 certo
1192 2365 1305 2403 non
1341 2347 1518 2420 liquet
1549 2346 1677 2419 quis
1712 2346 1782 2401 sit
1805 2363 1969 2400 verus
1999 2349 2053 2400 et,
2077 2344 2211 2417 legi-
2277 2372 2282 2379 =

283 2441 459 2499 timus
489 2444 761 2510 Pontifex,
790 2444 1014 2501 nonnisi
1045 2445 1356 2519 improprio
1378 2463 1545 2501 sensu
1570 2444 1871 2500 schismata
1896 2447 2045 2498 sunt.
2077 2443 2211 2497 Nam

282 2543 420 2594 tunc
454 2559 648 2598 01111105
694 2542 751 2598 in
797 2561 860 2599 00
906 2544 1245 2600 concordant
1287 2542 1436 2615 quod
1481 2542 1652 2598 velint
1697 2559 1821 2598 1010
1856 2559 1919 2597 ac
1959 2540 2211 2613 legi-timo

280 2637 436 2711 Papae
460 2639 763 2707 adhaerere,
808 2659 920 2696 non
959 2647 1148 2698 autem
1178 2641 1420 2697 intruso,
1452 2641 1514 2695 Et
1546 2640 1888 2696 dissentiunt
1923 2639 2213 2693 dumtaxat
2258 2680 2261 2684 -

281 2735 339 2791 in
380 2739 690 2811 quaestione
729 2757 801 2794 an
842 2740 1131 2812 legitimus
1171 2739 1215 2794 is
1249 2745 1346 2794 aut
1386 2739 1482 2794 ille
1512 2738 1604 2794 sit.
1645 2738 1802 2802 Quod
1835 2746 2022 2793 autem
2055 2737 2212 2810 Papae
2293 2794 2298 2798 ,

277 2854 391 2892 11011
422 2837 563 2894 desit
584 2839 745 2911 plena
772 2856 870 2894 seu
900 2855 1008 2912 qua
1039 2838 1217 2910 major
1243 2856 1364 2893 0550
1399 2844 1642 2911 nequeat
1674 2841 1915 2913 potestas
1945 2835 2211 2891 schisma-

279 2936 448 2992 ticam
493 2938 895 3009 pronuntiandi
931 2937 1182 3011 aliquam
1222 2937 1418 3011 agendi
1457 2937 1754 3004 rationem,
1791 2943 1841 2992 et
1868 2935 2059 2991 fideles
2094 2952 2209 2990 om-

278 3053 380 3091 nes
406 3036 693 3108 obligandi
721 3044 782 3094 ut
805 3057 905 3113 pro
934 3037 1313 3095 schismaticis
1346 3038 1590 3094 habeant
1623 3055 1763 3111 quos
1790 3042 1851 3092 ut
1877 3035 2014 3091 tales
2047 3033 2208 3091 Sedes

279 3135 597 3210 Apostolica
641 3138 1012 3207 damnaverit,
1041 3143 1234 3213 aperte
1277 3137 1534 3212 sequitur
1586 3154 1653 3193 ex
1690 3137 1849 3209 plena
1892 3134 2204 3191 universam
2286 3147 2299 3178 ῑ

281 3232 591 3292 Ecclesiam
615 3235 868 3308 regendi,
897 3237 1160 3312 pascendi
1189 3243 1243 3293 et
1273 3235 1625 3310 gubernandi
1654 3240 1943 3308 potestate,
1981 3252 2089 3308 qua
2116 3234 2208 3289 do·

279 3337 478 3391 natum
505 3353 535 3390 a
567 3334 781 3390 Christo
808 3334 976 3391 fuisse
1002 3336 1203 3410 Papam
1231 3333 1482 3391 definivit
1510 3334 1826 3390 Florentina
1857 3333 2205 3408 synodus.-—
2251 3339 2255 3342 ’

282 3434 420 3491 Item
466 3453 533 3491 ex
580 3435 742 3510 plena
763 3437 1055 3509 ‘potestate
1093 3434 1427 3508 quaestiones
1478 3433 1823 3508 dogmaticas
1875 3430 2198 3500 dirimendi;

284 3532 559 3606 siquidem
591 3552 663 3590 an
690 3533 819 3591 talis
839 3532 1035 3608 agendi
1059 3533 1203 3590 ratio
1227 3533 1297 3591 sit
1322 3551 1499 3592 necne
1518 3533 1892 3602 schismatica,
1922 3538 2004 3590 est
2027 3547 2204 3605 quaes-

282 3629 359 3687 tio
389 3631 720 3706 dogmatica.
1888 3614 1892 3620 ⁶
