2352 4126
319 328 378 372 56
981 315 1276 366 rimemus
1306 288 1373 362 nn
1402 314 1555 362 PAPA.

315 432 629 490 reverentia
646 435 774 506 post
791 429 995 504 pedum
1011 423 1201 481 oscula
1218 423 1530 481 beatorum.
1542 455 1619 464 -—-
1634 423 1896 488 Quamvis
1910 426 2005 482 Dei
2023 426 2223 496 Filius,

312 532 550 589 humani
591 529 813 605 generis
843 532 1105 582 naturam
1145 541 1467 595 assumens,
1499 522 1726 580 infirma
1764 525 1958 581 mundi
1992 526 2221 601 elegerit

307 637 372 688 ut
397 631 560 688 fortia
586 645 822 703 quaeque
853 623 1244 695 confunderet,
1282 611 1674 681 ecclesiasticae
1708 629 1900 681 tamen
1929 628 2216 699 potestatis

306 729 665 787 altitudinem
701 742 830 780 suos
857 722 1050 779 fideles
1082 722 1252 779 latere
1286 722 1487 780 noluit.
1517 723 1662 789 Quin
1688 723 1802 780 imo
1827 729 2097 798 tanquam
2124 745 2221 783 su-

300 848 400 904 pra
425 834 641 904 petram
674 823 966 880 fundatam
999 823 1179 898 ipsam
1205 841 1326 880 esse
1358 841 1526 898 supra
1561 842 1785 881 omnem
1833 823 2210 899 principatum

298 934 354 985 et
378 931 733 1003 potestatem,
770 928 834 979 ut
857 923 907 979 ei
939 940 1121 996 genua
1158 927 1361 979 cuncta
1393 928 1695 980 curventur
1722 923 2058 994 coelestium,
2102 930 2218 982 ter-

294 1026 562 1082 restrium
598 1031 652 1082 et
682 1023 1056 1090 infernorum,
1086 1021 1276 1079 verbis
1308 1022 1682 1096 apertissimis
1709 1023 2025 1081 declaravit.
2056 1008 2225 1082 Unde⁴

292 1140 449 1179 error
490 1128 595 1192 est,
641 1127 703 1176 ut
748 1126 903 1193 pum,
944 1117 1218 1192 pertinaci
1250 1124 1440 1175 mente
1472 1137 1585 1174 non
1610 1119 1858 1187 credere,
1886 1121 2202 1177 Romanum

289 1221 636 1287 Pontificem,
659 1218 993 1276 universalis
1017 1218 1275 1275 Ecclesiae
1296 1223 1595 1292 pastorem,
1623 1218 1767 1275 Petri
1795 1238 2173 1278 successorem
2194 1267 2207 1290 ,

289 1328 343 1379 et
362 1321 566 1378 Christi
594 1319 911 1393 legitimum
944 1317 1240 1385 vicarium,
1272 1335 1440 1393 supra
1466 1316 1781 1392 spiritualia
1812 1327 1860 1375 et
1887 1324 2200 1394 temporalia

286 1422 635 1478 universalem
666 1421 854 1476 habere
883 1420 1195 1491 primatum.
1223 1438 1251 1471 »

362 1522 681 1596 Excerptum
710 1538 776 1576 em
807 1518 1029 1575 articulo
1055 1521 1230 1592 primo
1272 1520 1575 1591 quaestionis
1616 1520 1827 1591 primae.
1864 1553 1941 1560 —
1971 1516 2204 1576 «Primo

283 1627 477 1678 utrum
508 1621 623 1677 sola
650 1624 892 1694 potestas
913 1618 1067 1691 Papae
1093 1617 1163 1673 sit
1187 1635 1218 1672 a
1242 1617 1351 1673 Deo
1376 1615 1698 1673 immediate
1725 1625 1777 1673 et
1801 1619 1956 1674 nulla
1986 1619 2208 1674 alia.—

279 1721 361 1777 Ad
387 1721 634 1795 primum
670 1718 749 1775 sic
790 1716 1149 1792 proceditur:
1178 1715 1402 1772 videtur
1436 1716 1588 1771 enim
1616 1716 1767 1789 quod
1802 1717 1915 1772 sola
1952 1722 2203 1790 potestas

278 1820 437 1894 Papae
463 1838 575 1876 non
609 1818 681 1875 sit
721 1816 1042 1873 immediate
1084 1833 1115 1871 a
1139 1815 1266 1872 Deo,
1301 1814 1438 1878 Quia
1473 1832 1596 1888 quae
1626 1832 1741 1870 non
1774 1821 1906 1871 sunt
1943 1815 2195 1888 ejusdem

277 1920 536 1988 rationis,
574 1937 758 1975 unum
783 1935 896 1973 non
922 1914 1214 1972 reducitur
1238 1915 1307 1969 ad
1333 1915 1593 1970 alterum.
1624 1913 1731 1971 Sed
1773 1920 2019 1989 potestas
2043 1916 2200 1991 Papae

275 2019 328 2071 et
358 2020 599 2088 potestas
624 2012 983 2070 saecularium
1010 2011 1331 2086 principum
1359 2030 1471 2067 non
1497 2017 1631 2067 sunt
1659 2012 1911 2084 ejusdem
1939 2013 2195 2080 rationis;

274 2130 400 2187 ergo
441 2112 665 2169 videtur
703 2111 853 2185 quod
890 2118 1133 2184 utraque
1169 2110 1238 2166 sit
1275 2110 1600 2166 immediate
1637 2129 1668 2165 a
1696 2110 1803 2166 Deo
1838 2116 1893 2166 et
1925 2129 2038 2166 una
2080 2130 2194 2168 non

269 2214 577 2270 reducatur
594 2212 663 2267 ad
684 2212 874 2268 aliam.
894 2245 969 2251 —
982 2212 1252 2267 Praeterea
1269 2215 1514 2283 potestas
1534 2209 1843 2283 imperialis
1862 2210 2194 2268 immediate

268 2318 352 2368 est
377 2331 406 2367 a
436 2313 566 2379 De0,
590 2311 724 2383 quia
753 2311 897 2366 sicut
917 2309 1123 2364 dicitur
1138 2308 1311 2374 ΧΧΙΙΙ,
1333 2327 1388 2382 q.
1419 2328 1485 2380 Ν,
1515 2326 1545 2363 a
1570 2308 1678 2364 Deo
1705 2327 1963 2365 concessa
1988 2315 2072 2366 est
2097 2329 2194 2385 po-

266 2417 438 2467 testas
477 2409 811 2483 imperialis,
841 2414 894 2463 et
920 2412 1150 2481 propter
1172 2406 1477 2462 vindictam
1504 2406 1801 2463 noxiorum
1836 2408 2054 2481 gladius
2080 2409 2189 2466 fuit

265 2509 604 2583 permissus,
650 2508 786 2580 Ergo
825 2506 1050 2562 videtur
1083 2505 1233 2579 quod
1267 2504 1394 2561 talis
1434 2511 1679 2579 potestas
1711 2523 1825 2562 non
1862 2506 1935 2564 sit
1970 2526 2000 2562 a
2038 2508 2180 2582 Papa

265 2628 370 2666 nec
397 2609 464 2664 ab
491 2607 744 2674 homine,
774 2612 827 2662 et
859 2624 962 2680 per
985 2623 1339 2679 consequens
1371 2604 1695 2662 immediate
1733 2624 1764 2661 a
1797 2605 1925 2662 Deo,
1951 2641 2028 2647 -—
2050 2608 2194 2663 Prae-

263 2712 422 2762 terea
459 2723 582 2779 quae
609 2705 869 2761 distincta
900 2710 1030 2761 sunt
1060 2705 1118 2759 in
1157 2722 1217 2760 se
1242 2708 1295 2760 et
1319 2703 1389 2759 ad
1419 2704 1710 2761 distinctos
1744 2704 1884 2761 fines
1913 2705 2190 2761 ordinan-

263 2811 379 2871 tur,
413 2822 596 2878 unum
638 2822 751 2859 non
788 2809 871 2860 est
903 2803 972 2859 ab
1000 2804 1197 2868 altero;
1235 2802 1350 2859 imo
1383 2802 1705 2860 immediate
1733 2804 2086 2860 reducuntur
2121 2804 2194 2860 ad

265 2902 422 2958 aliud
465 2904 717 2958 tertium.
760 2900 866 2957 Sed
898 2907 1138 2976 potestas
1176 2901 1486 2975 spiritualis
1528 2907 1582 2958 et
1619 2907 1862 2975 potestas
1895 2903 2181 2959 saecularis

268 3007 401 3058 sunt
425 3001 705 3058 distinctae
739 3001 798 3056 in
825 3019 883 3057 se
919 3006 973 3057 et
1002 3000 1336 3056 ordinantur
1365 3000 1435 3056 ad
1464 2999 1759 3058 distinctos
1792 3002 2004 3058 fineS...
2041 3003 2183 3076 Ergo

268 3099 388 3157 istae
428 3100 554 3156 duae
589 3103 893 3173 potestates
930 3103 1063 3154 sunt
1094 3097 1417 3155 immediate
1442 3117 1472 3153 a
1497 3099 1626 3157 Deo,
1658 3099 1810 3153 —In
1837 3098 2183 3155 contrarium

269 3198 918 3273 est...—Respondetnr
952 3197 1255 3254 dicendum
1296 3198 1468 3272 quod,
1505 3198 1753 3254 dimissis
1793 3179 2179 3272 opinionibuS‚

269 3298 339 3355 ad
368 3297 732 3374 quaestionem
763 3296 843 3351 sic
867 3301 1000 3370 puto
1028 3313 1152 3352 esse
1177 3295 1629 3370 respondendum
1654 3317 1665 3350 :
1696 3297 1865 3370 quod,
1905 3297 2187 3372 loquendo

270 3396 338 3454 de
379 3400 651 3473 potestate
692 3393 1106 3470 jurisdictionis
1149 3393 1474 3468 temporalis
1519 3399 1573 3451 et
1615 3395 1947 3468 spiritualis,
1995 3396 2182 3455 dicere

270 3513 573 3572 possumus
599 3493 747 3569 quod
779 3492 908 3549 talis
941 3497 1185 3568 potestas
1213 3497 1297 3548 est
1329 3491 1529 3566 triplex
1553 3513 1565 3546 ε
1595 3493 1810 3550 scilicet
1834 3493 2180 3560 immediata,

272 3594 536 3662 derivata,
558 3599 612 3651 et
633 3594 692 3649 in
718 3591 1101 3648 ministerium
1129 3590 1275 3648 data.
1304 3590 1490 3648 Prima
1509 3597 1749 3667 potestas
1768 3593 2181 3668 jurisdictionis

274 3695 534 3753 omnium
562 3691 945 3769 spiritualium
978 3698 1033 3750 et
1055 3691 1455 3766 temporalium
1486 3698 1569 3750 est
1593 3693 1776 3751 solum
1805 3694 1863 3750 in
1892 3694 2056 3770 Papa.
2087 3691 2181 3747 Se·
