2340 3990
853 286 984 335 PARS
1010 284 1228 340 QUARTA.
1530 301 1535 306 ·
1897 281 1980 328 157

117 404 388 482 question.
419 403 533 467 Que
556 401 609 456 le
637 394 848 454 concile
880 393 947 450 de
973 392 1189 456 Trente,
1219 385 1543 445 dest-adire
1571 373 1810 458 l'Eglise,
1845 387 1983 445 n’ait

116 520 212 579 pas
245 519 313 558 eu
354 501 406 556 le
445 515 570 555 sens
611 508 872 552 commun
914 507 982 546 en
1022 493 1165 545 cette
1204 489 1511 550 rencontre,
1541 488 1593 541 et
1619 481 1756 556 qu'il
1797 483 1872 538 ait
1913 501 1982 540 eu

113 598 471 673 grandement
502 590 690 650 besoin
719 589 899 645 d’etre
924 586 1178 641 redresse
1190 601 1287 658 par
1303 570 1518 655 l’Eglise
1533 580 1820 654 gallicane,
1849 580 1983 636 c'est

117 713 227 752 une
258 700 415 749 autre
446 691 617 745 these.
647 683 780 740 Mais
812 679 1230 738 accordez-nous
1262 697 1339 734 un
1372 695 1509 734 aveu
1540 694 1637 732 sur
1669 677 1719 733 le
1744 676 1863 732 fait.
1892 677 1985 733 Cet

115 809 252 849 aveu
293 789 377 845 n'a
405 805 500 862 pas
525 803 598 859 pu
632 786 746 838 etre
776 778 1000 835 arrache
1030 779 1056 831 a
1085 777 1338 841 Bossuet;
1375 774 1415 830 il
1443 774 1661 831 conelut
1693 773 1986 847 impertur-

120 888 464 946 bablement:
494 881 645 938 Patet
678 878 962 934 clarissime
995 892 1172 930 sacras
1206 873 1429 945 synodos
1459 874 1521 927 cle
1547 873 1696 927 rebus
1732 879 1984 944 tempora-

125 986 249 1040 libus
281 980 405 1036 nihil
439 978 744 1034 auctoritate
768 973 983 1028 clavium
1016 971 1297 1025 decrevisse
1320 968 1443 1040 (loe.
1481 968 1598 1034 cit.‚
1628 987 1683 1042 p.
1716 969 1830 1041 49).

844 1304 1082 1367 CAPUT
1126 1302 1241 1362 VII

128 1470 324 1506 nn'mtt
350 1466 628 1505 coneum&
662 1462 1110 1501 PAn'nctLAnu
1135 1457 1451 1494 Eccmnslffl
1476 1451 1991 1491 Anscnn‘snnlm'l·

446 1530 849 1568 Pomsrnrssu
872 1527 935 1563 ΙΝ
957 1526 1359 1561 ΤΕΜΡθΒΑιΙΑ
1384 1523 1661 1559 STATUOEM

205 1732 450 1786 Vidimus
479 1733 681 1785 hancce
708 1734 1024 1803 potestatem
1050 1728 1152 1783 sibi
1171 1726 1473 1783 vindicasse
1490 1725 1734 1798 quinque
1760 1722 1993 1779 concilia

133 1826 485 1883 oecumenica.
508 1828 598 1879 Ast
624 1826 863 1898 insuper,
888 1825 930 1880 si
949 1823 1365 1898 particularium
1384 1822 1717 1898 synodorum
1741 1827 1857 1876 acta
1876 1839 1992 1894 per·

134 1921 434 1992 volvantur,
465 1920 651 1975 eadem
680 1937 906 1992 prorsus
928 1923 1178 1974 occurret
1210 1916 1474 1972 doctrina.
1505 1917 1612 1972 Nec
1629 1917 1806 1989 potuit
1832 1935 1994 1972 secus

129 2017 455 2088 contingere.
489 2018 617 2070 Cum
654 2015 799 2071 enim
841 2015 1162 2071 universalis
1189 2020 1243 2069 et
1282 2014 1565 2070 unanimis
1607 2015 1794 2084 suerit,
1835 2019 1998 2087 prout

129 2130 290 2185 supra
319 2113 688 2185 probavimus,
732 2113 1040 2168 scholarum
1086 2118 1138 2167 et
1171 2113 1454 2167 doctorum
1500 2113 1782 2185 persuasio
1810 2113 1877 2167 de
1910 2113 1999 2168 Ec-

125 2209 303 2264 clesiae
328 2210 382 2263 in
425 2209 741 2281 temporalia
779 2214 1021 2264 statuum
1058 2215 1342 2282 potestate,
1388 2228 1496 2263 non
1525 2209 1628 2263 alia
1663 2227 1779 2265 esse
1818 2211 1999 2284 potuit

126 2307 491 2363 Romanorum
533 2307 871 2371 Pontificum,
903 2306 1295 2371 Cardinalium,
1332 2306 1747 2379 Episcoporum,
1796 2308 1999 2363 Princi-

131 2423 280 2477 pum,
309 2422 494 2460 eorum
515 2404 746 2476 denique
777 2404 1022 2459 omnium
1051 2404 1253 2476 quibus
1283 2404 1475 2482 synodi
1501 2405 1843 2459 constabant.
1864 2406 1998 2460 Hinc

132 2500 189 2554 in
213 2500 290 2556 eis
318 2500 532 2573 synodis
555 2501 750 2556 emissa
777 2501 991 2556 decreta
1012 2518 1133 2573 quae
1160 2502 1492 2574 temporales
1518 2502 1870 2557 saecularium
1898 2521 1994 2558 seu

135 2592 391 2648 laicorum
434 2595 842 2667 jurisdictiones
878 2596 1210 2668 afficiebant,
1255 2596 1387 2669 quin
1427 2597 1575 2652 ullus
1614 2597 1995 2652 reclamaverit,

133 2696 225 2745 aut
265 2692 470 2747 concilii
515 2693 593 2748 sic
628 2694 971 2750 decernentis
1004 2695 1426 2769 competentiam
1468 2696 1526 2750 in
1566 2695 1797 2750 dubium
1838 2715 1995 2752 voca·

132 2786 284 2841 verit.
315 2788 455 2843 Inter
481 2789 715 2862 plurima
745 2791 1013 2863 ejusmodi
1042 2798 1183 2868 aeta,
1220 2792 1487 2847 nonnulla
1520 2793 1805 2848 dumtaxat
1831 2795 1990 2867 subji-

128 2899 354 2939 clemuS.

202 2978 241 3033 Ι.
281 2979 557 3037 Concilium
595 2984 879 3042 Romanum
915 2989 1037 3042 anni
1084 2987 1208 3053 726,
1247 2989 1338 3043 sub
1369 2988 1516 3060 Papa
1552 2988 1792 3060 Greyorio
1828 2988 1899 3044 ΙΙ.
1921 3022 1995 3029 -

128 3075 452 3134 Certissimis
477 3081 804 3138 testimoniis
831 3090 1038 3139 constat
1071 3103 1099 3140 a
1124 3085 1381 3158 Gregorio
1399 3086 1536 3160 Papa
1557 3087 1620 3154 11,
1642 3105 1752 3142 non
1778 3092 1991 3142 tantum

133 3176 654 3232 excommunicatum
682 3179 850 3235 fuisse
875 3181 1511 3256 imperatorem'Leonem
1536 3184 1866 3249 Isauricum,
1900 3185 1993 3239 sed

135 3265 291 3322 etiam
317 3270 383 3324 ab
409 3273 524 3344 ejus
551 3275 855 3333 obedientia
892 3278 1206 3334 distractam
1239 3280 1448 3335 Italiam
1477 3286 1530 3335 et
1562 3281 1867 3354 prohibitos
1894 3281 1992 3333 lta-

137 3363 221 3419 liae
254 3367 476 3439 populos
504 3389 570 3426 ne
604 3372 687 3427 isti
715 3374 1055 3449 imperatori,
1099 3377 1354 3434 Ecclesiae
1393 3379 1753 3453 persecutori,
1789 3377 1989 3430 tributa

135 3458 417 3517 solverent.
462 3463 518 3518 ld
550 3466 667 3523 fuse
704 3471 967 3542 probatur
1002 3474 1145 3528 infra
1181 3475 1444 3548 (sectione
1479 3475 1660 3541 tertia,
1708 3471 1880 3543 capite
1914 3486 1993 3524 se-

133 3555 355 3625 cundo),
387 3557 479 3611 ubi
506 3559 669 3617 simul
691 3567 1072 3623 convelluntur
1096 3571 1408 3631 excogitata]
1439 3588 1468 3624 a
1494 3567 1774 3624 Bossuetio
1807 3564 1874 3618 ad
1901 3563 1992 3619 ob-
