2340 3990
890 353 1019 412 rtas
1049 362 1270 417 omnm.
1933 364 2016 408 281
2081 398 2094 413 .

152 481 204 533 et
243 474 301 528 in
339 491 448 547 quo
489 471 791 547 appetendo
835 469 1091 544 quiescit,
1127 468 1268 524 nihil
1315 467 1461 523 ultra
1511 483 1782 540 quaerens,
1822 465 2020 523 Caetera

152 588 348 645 nempe
387 589 495 625 non
534 573 870 643 appetuntur
912 566 1018 622 nisi
1062 572 1320 640 tanquam
1356 565 1526 621 media
1570 564 1637 619 ad
1678 563 1843 620 finem
1890 564 2022 619 ulti-

152 686 326 723 mum.
354 668 474 723 Jam
499 683 625 723 vero
657 667 926 737 repugnat
962 681 1121 736 posse
1159 663 1324 718 Deum
1357 662 1565 735 aliquid
1604 679 1790 717 amare
1828 680 1891 718 ac
1931 679 2024 736 ap-

150 771 335 839 petere
368 780 532 838 supra
564 760 996 835 seipsum-Cum
1031 760 1180 815 enim
1217 761 1333 835 ipse
1372 761 1443 816 sit
1469 760 1678 816 honum
1717 759 2018 826 infinitum,

152 860 197 915 si
227 860 357 934 quid
381 859 503 932 plus
528 859 739 911 amaret
769 855 972 929 seip80‚
1009 873 1171 929 prave
1199 862 1417 928 ageret,
1446 857 1514 911 ab
1550 856 1764 911 infinita
1811 856 2024 930 perfec-

150 955 297 1010 tione
317 953 588 1022 deficeret,
616 953 760 1007 Deus
786 970 906 1008 esse
932 952 1223 1008 desineret.
1248 952 1419 1024 Igitur
1440 955 1667 1026 angelos
1689 959 1743 1010 et
1770 954 2023 1010 homines

148 1053 399 1117 creand0‚
446 1052 593 1106 hunc
622 1050 790 1106 tinem
834 1051 1095 1106 ultimum
1130 1052 1234 1107 sibi
1269 1052 1555 1125 proposuit
1580 1053 1739 1121 DeuS,
1773 1059 1835 1108 ut
1879 1053 2022 1125 seip-

146 1167 269 1205 sum
313 1155 572 1221 tanquam
617 1150 824 1203 honum
872 1166 1156 1203 summum
1203 1149 1512 1220 attingeret.
1567 1149 1687 1202 Jam
1725 1156 1910 1204 autem
1955 1151 2021 1205 ab

149 1251 372 1314 aeterno,
406 1251 530 1299 ante
563 1261 782 1299 omnem
821 1244 1176 1311 creationem,
1216 1244 1459 1317 seipsum
1492 1244 1812 1299 immediate
1858 1246 2024 1300 attin-

149 1342 324 1415 gebat.
350 1342 486 1413 Ergo
515 1346 796 1396 creaturas
822 1342 1106 1397 condendo
1143 1341 1508 1414 intelligentia
1538 1347 1590 1396 et
1619 1359 1807 1396 amore
1830 1341 2025 1415 praedi-

148 1446 247 1506 taS,
279 1440 451 1495 voluit
476 1441 722 1513 seipsum
750 1447 1009 1514 tanquam
1039 1442 1204 1503 finem
1233 1443 1493 1497 ultimum
1514 1442 1782 1513 attingere
1809 1441 2024 1496 diverso

150 1542 326 1611 m0d0‚
356 1543 411 1597 id
442 1548 542 1607 est,
573 1560 667 1615 per
691 1542 935 1614 ipsarum
979 1542 1307 1614 cognitionis
1346 1547 1398 1597 et
1424 1541 1628 1596 amoris
1659 1546 1867 1595 actum.
1897 1540 2026 1603 Quae

147 1645 330 1694 tamen
353 1637 636 1693 diversitas
663 1655 774 1691 non
799 1642 903 1691 stat
931 1655 992 1692 ex
1023 1643 1174 1710 parte
1205 1637 1316 1703 Dei,
1353 1638 1448 1692 sed
1477 1640 1586 1690 tota
1611 1653 1674 1690 ex
1699 1642 1852 1709 parte
1879 1654 2028 1690 crea-

147 1739 418 1789 turarum.
447 1734 720 1789 Nimirum
757 1734 945 1789 finitus
975 1734 1069 1788 ille
1099 1739 1253 1789 actus
1292 1753 1400 1806 quo
1442 1734 1831 1806 unusquisque
1862 1735 2026 1788 homo

147 1838 199 1889 et
225 1833 450 1904 angelus
473 1832 641 1886 Deum
672 1838 930 1904 tanquam
964 1833 1171 1886 honum
1204 1850 1491 1887 summum
1524 1832 1580 1886 in
1610 1838 1880 1887 aeternum
1910 1850 2028 1904 cog-

149 1935 333 1986 noscet
358 1937 410 1985 et
445 1935 680 2003 appetet,
712 1935 792 1984 est
830 1929 1179 2003 participatio
1214 1929 1464 2002 quaedam
1491 1928 1691 1983 infiniti
1723 1935 1876 1984 actus
1915 1948 2025 2002 quo

148 2024 248 2080 sibi
281 2026 485 2099 pariter
520 2027 656 2082 Deus
691 2045 905 2082 summe
936 2026 1194 2080 adhaeret.
1242 2024 1495 2080 Infinitus
1532 2029 1708 2089 actus,
1751 2030 2024 2096 quatenus

149 2119 203 2174 in
230 2123 351 2191 Dec,
382 2122 567 2178 linitus
595 2129 867 2195 quatenus
898 2124 954 2177 in
981 2130 1255 2178 creatura.
1286 2121 1417 2174 Hinc
1448 2121 1669 2192 colliges
1700 2140 1710 2173 ε
1761 2120 1814 2174 1⁰
1857 2120 2021 2174 Tran-

147 2217 398 2273 sitorium
444 2238 582 2290 csse,
623 2239 732 2275 non
769 2227 954 2275 autem
995 2220 1364 2285 definitivum,
1412 2224 1736 2292 praesentem
1778 2218 2019 2273 hominis

148 2321 371 2386 statum,
402 2316 458 2370 in
486 2335 593 2390 quo
625 2317 884 2390 possibile
907 2336 968 2373 ac
992 2317 1231 2372 liberum
1272 2317 1375 2390 ipsi
1414 2322 1498 2372 est
1531 2317 1700 2371 Deum
1727 2334 1836 2370 non
1859 2334 2021 2390 appe-

148 2419 258 2467 tere
291 2431 459 2486 supra
491 2414 631 2470 bona
656 2415 860 2480 omnia,
894 2416 1003 2470 imo
1040 2416 1208 2470 Deum
1242 2433 1526 2470 summum
1555 2414 1763 2468 bonum
1806 2414 2023 2469 miseris

148 2511 599 2567 delectationibus
623 2519 970 2587 postponere.
1018 2515 1307 2587 Repugnat
1331 2514 1477 2568 enim
1505 2532 1660 2588 posse
1685 2514 1853 2568 Deum
1882 2514 2023 2568 frus-

148 2609 281 2663 trari
313 2610 416 2664 sine
451 2629 614 2683 quem
657 2612 912 2682 intendit,
948 2617 998 2667 et
1030 2613 1094 2667 ad
1121 2631 1286 2685 quem
1312 2613 1690 2684 attingendum
1724 2612 1852 2684 agit.
1887 2612 2020 2666 Cum

148 2723 273 2777 ergo
299 2714 607 2763 creaturam
650 2709 1046 2783 intelligentem
1074 2712 1372 2779 condendO,
1405 2711 1510 2767 sibi
1553 2711 1863 2768 necessario
1901 2716 2021 2765 tan-

150 2821 315 2874 quam
345 2803 510 2860 finem
545 2807 805 2861 ultimum
839 2810 1188 2882 proposuerit
1225 2810 1291 2863 ab
1320 2810 1434 2881 ipsa
1469 2810 1716 2865 obtinere
1756 2815 2022 2863 aeternum

152 2897 316 2952 istum
343 2900 668 2971 cognitionis
695 2909 748 2958 et
769 2905 974 2959 amoris
1006 2906 1097 2960 Dei
1122 2913 1326 2970 actum,
1359 2924 1582 2960 necesse
1614 2914 1694 2960 est
1723 2906 1947 2978 angelos
1976 2912 2029 2960 et

152 2993 403 3050 homines
436 3014 625 3052 omnes
661 2999 955 3072 aliquando
981 3001 1047 3054 ad
1076 3002 1221 3056 hunc
1252 3008 1434 3056 actum
1472 3002 1748 3071 devenire,
1791 3020 1852 3056 ac
1879 3003 1935 3056 in
1966 3021 2026 3057 eo

151 3092 207 3146 in
239 3100 502 3148 aeternum
552 3095 622 3149 ita
658 3096 885 3153 immote
923 3099 1246 3170 consistere,
1282 3107 1340 3156 ut
1371 3101 1485 3172 jam
1523 3099 1658 3174 ipsis
1685 3101 2025 3175 impossihile

150 3190 218 3243 sit
251 3190 546 3262 quidquam
586 3194 731 3248 aliud
774 3203 972 3268 praeter
1005 3198 1172 3252 Deum
1205 3205 1467 3271 tanquam
1501 3200 1706 3254 honum
1736 3219 2020 3254 summum

150 3291 420 3356 appetere.
449 3289 766 3362 —Colliges
808 3293 861 3347 2⁰
898 3294 964 3348 ad
987 3294 1202 3357 dictum
1230 3295 1558 3367 cognitionis
1600 3303 1652 3352 et
1693 3297 1898 3351 amoris
1933 3294 2019 3348 Dei

153 3388 418 3436 aeternum
459 3388 643 3439 actum
678 3387 1044 3460 adducendos,
1073 3411 1182 3447 non
1223 3398 1436 3448 tantum
1473 3394 1679 3461 beatos,
1725 3394 1819 3448 scd
1854 3392 2018 3445 etiam

154 3477 455 3542 damnatOS,
497 3479 620 3536 licet
659 3485 871 3542 diverso
911 3489 1094 3545 m0d0‚
1137 3492 1339 3564 Duplex
1385 3491 1590 3564 quippe
1631 3491 1719 3544 Dei
1756 3495 2017 3560 tanquam

156 3570 359 3627 summi
377 3570 503 3625 boni
534 3592 707 3635 amor.
726 3582 890 3637 Amor
913 3587 1090 3655 fruens
1116 3588 1328 3660 objecto
1355 3605 1478 3654 suu,
1506 3591 1558 3641 et
1584 3586 1670 3639 hic
1694 3589 1777 3640 est
1801 3602 2019 3638 summa

158 3672 408 3738 felicitas,
438 3695 545 3749 qua
577 3676 717 3733 beati
750 3697 844 3751 per
874 3680 1135 3736 visionem
1178 3683 1483 3738 intuitivam
1523 3683 1577 3735 in
1620 3688 1884 3736 aeternum
1924 3699 2018 3754 po-
