2340 3990
263 399 277 414 ,
354 358 440 405 282
909 419 918 425 ¹
1024 353 1322 402 'rRAcTATns
1354 355 1420 400 DE
1451 356 1599 403 PAPA.
1686 322 1717 388 Χ

353 465 592 535 tientur3
627 471 681 521 et
715 480 872 519 amor
905 479 1090 545 carens
1119 461 1334 536 objecto
1357 481 1490 532 su0,
1513 463 1569 519 id
1596 469 1703 536 est,
1733 467 2142 539 summobono,
2172 487 2294 541 seu,
2334 462 2340 524 i

354 564 476 620 Deo.
510 565 561 619 Is
600 569 826 632 autem,
892 560 940 617 si
990 565 1178 616 careat
1231 560 1406 617 simul
1453 546 1608 618 omni
1660 562 1806 619 bono
1841 563 2034 631 finito,
2077 561 2273 642 etjam
2336 571 2340 587 ²

336 648 480 720 “totis
512 661 720 717 viribus
751 661 924 717 Deum
974 679 1267 716 summum
1310 661 1524 717 bonum
1562 663 1728 719 unice
1762 668 2013 739 appetat,
2064 664 2272 741 absque

351 759 466 814 ulla
539 775 636 832 spe
689 756 978 812 infinitum
1045 756 1187 812 illud
1261 758 1475 814 honum
1528 778 1776 835 unquam
1849 764 2267 838 consequendi,

349 863 434 914 est
461 874 686 914 summa
720 853 1041 929 infelicitaS,
1081 876 1188 931 qua
1228 858 1478 915 damnati
1505 860 1566 916 in
1596 861 1815 918 inferno
1845 846 2275 922 cruciabuntur,

349 948 538 1019 Porro,
565 956 634 1012 ad
665 958 832 1012 Deum
869 957 1019 1030 quod
1052 957 1272 1026 attinet,
1305 958 1472 1014 finem
1514 978 1682 1033 quem
1719 960 1827 1017 sibi
1846 962 2138 1036 proposuit
2164 981 2273 1020 non

349 1056 542 1114 minus
606 1075 707 1133 per
761 1066 1028 1113 carentem
1073 1077 1242 1132 quam
1292 1078 1391 1133 per
1434 1061 1694 1134 fruentem
1736 1079 1988 1117 amorem
2031 1062 2267 1136 attingit.

347 1157 610 1223 Quamvis
638 1158 789 1215 enim
827 1164 1072 1214 aeternus
1111 1158 1207 1214 ille
1247 1159 1459 1216 amoris
1494 1160 1587 1216 Dei
1626 1168 1802 1229 aelus,
1850 1167 2017 1237 prout
2058 1180 2088 1218 a
2120 1164 2272 1220 dam·
2325 1187 2330 1193 ·

347 1264 478 1314 nato
519 1258 766 1326 elicitur,
806 1257 876 1313 sit
916 1276 1125 1324 carena,
1170 1266 1336 1332 prout
1378 1266 1565 1314 tamen
1613 1260 1668 1315 iu
1708 1260 1812 1316 Deo
1860 1260 2078 1316 infinite
2124 1279 2274 1317 com-

345 1357 529 1431 pletur
563 1362 617 1414 et
647 1357 936 1433 perficitur
969 1364 1053 1414 est
1078 1377 1300 1415 summe
1328 1359 1541 1415 fruens,
1570 1360 1633 1415 Et
1663 1361 1814 1434 quod
1854 1361 1926 1417 sit
1972 1378 2169 1416 carens
2214 1360 2271 1416 in

346 1455 630 1526 damnato,
669 1457 850 1530 ipsius
877 1456 1037 1530 eulpa
1080 1462 1182 1523 est,
1221 1457 1354 1531 quia
1384 1458 1442 1513 in
1477 1460 1732 1514 terrestri
1772 1460 1903 1526 vita,
1948 1459 2122 1516 Deum
2158 1464 2298 1516 tan-v

344 1575 512 1630 quam
555 1575 849 1613 summum
892 1557 1126 1623 honum,
1178 1564 1347 1633 prout
1374 1559 1679 1633 jubebatur
1724 1565 1778 1615 et
1820 1560 1986 1616 facile
2031 1567 2268 1635 poterat,

343 1656 524 1712 noluit
554 1657 834 1730 prosequi3
869 1658 962 1713 sed
987 1657 1217 1731 aliquod
1245 1658 1465 1715 finitum
1493 1660 1726 1730 honum,
1753 1665 1849 1716 aut
1873 1659 2122 1734 aliquam
2150 1657 2286 1714 fini-f

339 1758 526 1809 torum
558 1754 839 1810 honorum
881 1754 1120 1828 copiam,
1165 1763 1426 1829 tanquam
1458 1774 1748 1812 summum
1777 1757 1987 1813 bonum
2020 1762 2073 1813 et
2106 1756 2271 1812 finem

342 1854 616 1910 ultimum
646 1861 979 1929 prosecutus
1019 1861 1124 1924 est,
1157 1862 1205 1912 et
1242 1855 1350 1911 sibi
1376 1856 1552 1912 Deum
1581 1856 1734 1927 feeit,
1769 1857 1827 1912 in
1870 1876 1979 1932 quo
2010 1862 2116 1913 stat
2161 1862 2286 1934 tota·

343 1955 596 2011 mortalis
623 1956 833 2031 peceati
862 1956 1002 2012 ratio
1025 1962 1079 2013 et
1108 1957 1342 2014 malitia.
1361 1940 1680 2032 —Colliges
1707 1959 1759 2013 5⁰
1790 1965 1907 2034 post
1938 1963 2270 2033 praesentem

342 2055 398 2110 in
431 2055 600 2111 terris
643 2055 836 2123 vitam,
879 2056 1206 2112 damnatum
1252 2056 1508 2130 qualibet
1534 2056 1617 2112 vel
1659 2056 1894 2112 minima
1926 2056 2060 2113 boni
2104 2055 2272 2130 parti-

340 2155 468 2210 eula
514 2155 828 2212 necessario
872 2156 1232 2231 spoliandum
1264 2174 1407 2212 esse.
1459 2156 1513 2211 Si
1559 2155 1711 2213 enim
1757 2156 1986 2230 aliquod
2031 2155 2141 2230 ipsi
2179 2156 2271 2211 bo-

341 2275 479 2312 num
534 2265 876 2332 superesset,
924 2258 1054 2313 lieet
1096 2256 1321 2313 finitum
1374 2263 1425 2313 et
1479 2258 1638 2313 valde
1679 2257 2009 2327 limitatum,
2062 2258 2266 2331 posset,

342 2354 490 2410 sieut
535 2355 592 2410 in
638 2355 899 2430 praesenti
931 2354 1041 2410 vita
1072 2354 1213 2409 illud
1259 2354 1538 2410 anteferre
1584 2372 1808 2410 summo
1835 2355 2016 2419 ‘bon0‚
2060 2355 2116 2410 id
2163 2359 2267 2424 est,

338 2453 467 2524 De0,
505 2460 560 2510 et
602 2453 682 2510 sie
726 2472 964 2510 renuere
1005 2458 1269 2510 aeternam
1311 2453 1463 2509 illam
1504 2453 1571 2508 ad
1601 2454 1773 2510 Deum
1809 2459 2078 2528 tanquam
2120 2472 2271 2510 sum·
2305 2455 2316 2462 ‘

342 2572 498 2609 mum
539 2555 751 2610 bonum
781 2554 1150 2620 tendentiam,
1198 2572 1367 2628 quam
1401 2554 1546 2610 Deus
1590 2554 1696 2610 sibi
1731 2554 2042 2628 proposuit,
2084 2559 2139 2610 et
2165 2573 2268 2628 qua

340 2671 472 2708 eum
506 2653 753 2710 fraudari
795 2672 959 2729 posse
992 2659 1286 2729 repugnat.
1322 2654 1492 2729 Igitur
1536 2654 1932 2710 damnatorum
1976 2672 2177 2710 sensus
2218 2658 2270 2710 et

340 2754 638 2810 facultates
671 2772 867 2810 omnes
896 2755 1150 2828 quolibet
1177 2755 1324 2810 hono
1363 2754 1594 2828 spoliari
1636 2773 1864 2810 necesse
1893 2759 1998 2821 θεῖς
2045 2772 2143 2809 seu
2171 2772 2268 2809 ne-

340 2872 492 2911 eesse
517 2860 601 2910 est
627 2855 922 2911 damnatos
949 2855 1006 2910 in
1042 2860 1155 2911 toto
1191 2862 1317 2911 ente
1345 2873 1448 2910 suo
1478 2853 1724 2910 dolorem
1747 2859 2017 2929 perpetuo
2038 2854 2171 2928 pati.
2192 2887 2267 2895 —-

339 2953 572 3027 Colliges
597 2954 653 3010 4⁰
683 2954 743 3010 in
765 2955 1044 3011 damnatis
1083 2974 1197 3011 non
1226 2973 1348 3011 sese
1370 2955 1668 3011 excludere
1694 2972 1945 3031 amorem
1978 2959 2264 3010 summum

338 3057 391 3107 et
426 3070 718 3108 summum
756 3053 950 3109 odium
997 3051 1117 3115 Dei;
1161 3051 1337 3108 immo
1375 3051 1581 3108 summi
1623 3051 1739 3108 odii
1784 3070 1897 3107 non
1937 3051 2107 3108 aliam
2146 3067 2266 3107 esse

338 3167 562 3205 eausam
589 3170 762 3224 quam
789 3169 1037 3208 amorem
1066 3169 1358 3207 summum
1383 3150 1597 3224 objecto
1621 3168 1722 3206 suo
1751 3156 2054 3206 carentem.
2081 3149 2265 3204 Enim-

337 3267 464 3305 vero
492 3250 587 3322 qui
618 3249 829 3306 bonum
874 3251 1103 3323 aliquod
1134 3254 1304 3323 amat,
1346 3249 1393 3306 si
1426 3267 1491 3304 eo
1526 3249 1798 3323 privetur,
1831 3247 2146 3323 necessario
2173 3247 2265 3303 do-

337 3347 431 3403 let.
463 3346 622 3412 Quod
645 3346 692 3402 si
722 3364 836 3402 non
862 3347 1092 3413 doleret,
1112 3346 1322 3401 dietum
1350 3345 1565 3420 bonum
1596 3363 1711 3400 non
1739 3349 1973 3414 amaret,
2004 3344 2100 3400 sed
2135 3360 2260 3416 erga

338 3447 489 3504 illud.
515 3464 635 3502 sese
681 3445 1106 3502 indifferentem
1147 3444 1394 3500 haberet.
1425 3444 1658 3520 Insuper
1700 3444 1828 3500 odio
1876 3443 2042 3499 habet
2072 3459 2261 3517 perso-

338 3564 470 3601 nam
506 3563 628 3620 quae
666 3544 772 3620 ipsi
805 3544 1018 3600 bonum
1059 3543 1212 3600 istud
1240 3543 1428 3618 eripit.
1460 3545 1571 3601 Hoe
1608 3544 1732 3619 ipso
1758 3543 1911 3600 enim
1949 3543 2095 3617 quod
2133 3540 2270 3615 quis'

341 3646 624 3719 objectum
659 3645 883 3720 aliquod
925 3650 1092 3710 amat,
1125 3644 1240 3700 vult
1281 3662 1392 3699 non
1425 3645 1659 3701 existere
1686 3644 1864 3701 ullam
1898 3659 2124 3709 eausam
2163 3655 2260 3714 per
2299 3701 2302 3706 Δ

343 3763 512 3819 quam
554 3747 700 3804 bono
734 3746 837 3802 isto
866 3745 1158 3820 spolietur.
1206 3743 1260 3799 Si
1290 3763 1400 3818 qua
1433 3764 1561 3802 vero
1592 3743 1871 3820 ejusmodi
1915 3759 2083 3800 eausa
2110 3738 2252 3796 exis·
