2340 3990
322 1803 337 1817 .
413 1756 621 1811 tholice
658 1754 867 1811 sentire
906 1753 1099 1809 volunt
1132 1751 1364 1808 omnino
1399 1751 1734 1819 tenendum,
1773 1750 2132 1809 infallibilem
2170 1771 2199 1809 a
2230 1739 2338 1818 Das?

419 351 507 397 290
1087 344 1394 393 TRACTATUS
1425 345 1492 392 DE
1523 346 1674 392 PAPA.

417 461 771 529 distinctione,
816 455 1059 513 Ecclesiae
1089 472 1392 529 supremum
1424 454 1686 528 judicium
1715 457 1943 512 tribuere
1979 458 2043 514 de
2080 460 2332 532 praedic

415 578 559 625 casu,
615 557 670 612 id
715 564 813 622 est,
856 574 927 612 an
963 555 1130 612 civilis
1164 562 1405 629 potestas
1448 555 1856 612 ecclesiasticam
1897 556 2094 629 injuste
2135 572 2311 632 praep.-

412 660 544 715 diat.
569 689 638 699 --
667 655 728 712 Id
766 674 880 712 non
911 655 1187 731 potuisset
1215 657 1380 726 Deus,
1409 656 1499 712 vel
1528 654 1660 730 quia
1700 655 1996 712 tolleretur
2035 655 2260 733 utriusq

415 755 708 831 potestatis
734 754 1045 823 distinctio⁹
1077 755 1166 813 vel
1195 755 1327 830 quia
1351 755 1596 813 obstaret
1624 761 1815 813 rectus
1843 754 2001 827 ord0,
2032 772 2104 811 ne
2136 754 2217 812 sic

412 854 584 912 clesia
611 854 786 930 judex
816 855 1258 912 constitueretur
1285 854 1345 910 in
1371 855 1598 930 propria
1634 871 1823 911 causa.
1854 853 2020 909 Nulla
2047 853 2202 910 enim
2229 872 2256 910 a
2286 853 2298 866 '
2336 911 2338 914 ,

412 954 555 1012 ratio
587 954 826 1030 alicujus
862 954 1135 1012 momenti
1170 953 1471 1028 excogitari
1506 959 1691 1029 potest
1724 955 1794 1010 ad
1827 953 2165 1010 fulciendam
2200 971 2236 1028 p
2266 936 2331 984 ³:

413 1061 629 1114 tensam
675 1055 1219 1131 impossibilitatem.
1262 1055 1428 1111 Porro
1469 1074 1480 1107 z
1533 1054 1584 1110 1⁰
1626 1071 1741 1110 non
1785 1053 2008 1110 tollitur
2045 1053 2332 1109 ambaru'

413 1161 751 1231 potestatum
784 1156 1071 1213 distinctio
1119 1173 1219 1230 per
1261 1155 1512 1229 aliquam
1555 1153 2075 1211 subordinationem
2110 1152 2164 1207 in
2191 1140 2333 1212 nous,

413 1256 589 1313 nullis
619 1256 862 1326 casibus,
891 1256 984 1312 sed
1019 1256 1307 1311 dumtaxat
1340 1272 1440 1329 per
1473 1252 1993 1310 subordinationem
2025 1254 2198 1326 quoad
2231 1271 2259 1309 0
2314 1240 2334 1331 '¹'

413 1357 524 1423 nia,
551 1362 719 1431 prout
738 1353 1183 1430 praecedentibus
1202 1353 1680 1428 propositionibus
1701 1351 1996 1427 probatum
2016 1356 2122 1408 est.
2147 1351 2204 1407 2⁰
2220 1334 2336 1418 No}

414 1455 597 1511 obstat
630 1459 817 1511 rectus
856 1453 992 1509 ordo
1028 1451 1334 1508 Ecclesiam
1378 1450 1644 1507 constitui
1681 1450 1740 1505 in
1776 1451 2002 1526 propria
2039 1470 2202 1510 causa

412 1574 675 1630 premum
719 1555 991 1629 judicem,
1037 1553 1084 1609 si
1128 1551 1510 1609 constituatur
1549 1549 1721 1607 simul
1762 1550 1821 1606 in
1868 1551 1972 1608 hoc
2004 1552 2218 1625 judicio
2255 1552 2272 1609 i

409 1655 682 1711 fallibilis.
729 1655 896 1710 Porro
938 1662 1157 1710 certum
1199 1651 1429 1708 omnino
1471 1656 1575 1722 est,
1616 1655 1669 1707 et
1701 1650 1770 1706 ab
1810 1651 2072 1708 omnibus
2113 1652 2209 1727 qui
2250 1636 2334 1728 cers-¹

412 1854 778 1911 constitutam
825 1852 1129 1910 Ecclesiam
1174 1847 1360 1926 quoad
1404 1851 1603 1925 dogma
1653 1856 1707 1907 et
1754 1869 1960 1908 moreS.
2005 1851 2087 1908 Ad
2139 1852 2336 1927 dogm

412 1961 600 2012 autem
643 1955 815 2011 simul
856 1960 910 2010 et
949 1971 1134 2009 mores
1182 1951 1422 2027 pertinet
1460 1952 1692 2024 quaestio
1736 1952 1873 2023 haec,
1905 1971 1973 2008 an
2019 1951 2198 2009 civilis
2241 1932 2340 2028 post

412 2063 607 2123 testas,
647 2056 746 2112 tali
789 2056 954 2112 modo
997 2073 1198 2129 agens,
1242 2058 1431 2128 peccet
1467 2058 1521 2110 et
1560 2053 1864 2111 Ecclesiam
1899 2054 2104 2127 injuste
2133 2031 2340 2130 praepf

413 2157 546 2214 diat.
594 2156 771 2231 Igitur
809 2156 957 2231 etin
990 2158 1093 2213 hac
1134 2154 1396 2212 solvenda
1426 2155 1738 2228 quaestione
1778 2155 2098 2212 infallihihs
2136 2162 2219 2213 est
2297 2180 2337 2239 ι,1

414 2258 602 2314 clesia.
649 2259 789 2332 Ergo
833 2275 943 2314 non
985 2257 1166 2314 obstat
1203 2261 1391 2312 rectus
1435 2255 1570 2312 ordo
1612 2273 1682 2311 ne
1722 2255 1902 2330 possit
1937 2255 2177 2312 Ecclesia
2215 2274 2335 2317 eas>

414 2357 785 2432 quaestionem
811 2375 1075 2431 supremo
1097 2354 1311 2430 judicio
1351 2354 1604 2422 definire,
1643 2353 1902 2429 quamvis
1939 2354 2245 2429 judicando
2275 2357 2337 2426 ιιζ,ἴ

413 2458 638 2533 propria
673 2477 860 2514 causa.
2327 2443 2334 2447 ⁰

488 2561 774 2616 Pnoposrrlo
814 2561 919 2616 Iva.
956 2592 1033 2601 —
1065 2560 1247 2616 Potuit
1299 2557 1463 2629 Deus,
1511 2559 1610 2614 etsi,
1659 2559 1837 2614 ambas
1886 2564 2181 2631 potestates

415 2661 605 2716 tinctas
632 2663 942 2731 instituerit,
976 2661 1108 2717 velle
1143 2668 1200 2716 ut
1230 2662 1285 2715 in
1321 2660 1558 2715 materiis
1586 2659 1786 2724 mimis,
1816 2659 1870 2714 id
1899 2665 1996 2726 est,
2037 2660 2107 2715 ad
2137 2666 2257 2716 utra

412 2778 510 2832 que
535 2760 691 2815 simul
722 2761 1130 2832 pertinentibus,
1170 2760 1334 2815 civilis
1361 2759 1720 2817 ecclesiasticae
1752 2759 1963 2814 subesse
1997 2759 2223 2814 deberet.

410 2858 469 2915 Id
510 2858 661 2916 enim
704 2858 1052 2933 impossibile
1095 2858 1559 2932 praetenderetur,
1601 2857 1687 2914 vel
1740 2857 1870 2932 quia
1919 2857 2001 2914 sic
2037 2858 2259 2915 colleret

410 2959 711 3034 utriusque
730 2958 1024 3033 potestatis
1053 2957 1363 3023 distinctio,
1394 2958 1482 3013 vel
1511 2957 1642 3031 quia
1668 2957 1912 3015 Ecclesia
1934 2957 2107 3032 judex
2131 2957 2190 3013 in
2210 2967 2293 3033 pr'
2337 2942 2340 2947 ’

408 3057 527 3133 pria
546 3078 714 3115 causa
732 3059 1192 3126 constitueretur,
1220 3057 1368 3132 quod
1387 3075 1501 3114 non
1521 3056 1766 3113 admittit
1786 3061 1973 3114 rectus
1993 3058 2236 3114 ord0.Po
2282 3054 2303 3127 ’μ
2330 3075 2333 3117 ῑ

407 3157 529 3214 duae
560 3158 669 3215 illae
706 3159 955 3217 rationes
985 3178 1099 3216 non
1128 3159 1335 3230 valent,
1372 3163 1541 3233 prout
1573 3156 1912 3233 praecedenti
1950 3156 2291 3232 propositio
2328 3143 2330 3154 ⁵

406 3256 706 3333 probatum
736 3265 840 3316 est.
2291 3253 2293 3258 ⁴

483 3358 777 3414 Paoposrrlo
803 3359 974 3415 V².—
1002 3359 1181 3415 Potuit
1207 3357 1349 3414 Deus
1384 3358 1514 3414 velle
1555 3359 1624 3415 ad
1659 3359 2064 3416 eeclesiasticam
2095 3362 2333 3434 potest

412 3466 515 3516 tem
534 3461 804 3534 pertinere
828 3459 1109 3531 judicium,
1138 3476 1208 3514 an
1231 3460 1455 3515 materia
1482 3461 1551 3515 sit
1584 3478 1747 3517 necne
1782 3463 1971 3517 mioeta.
1989 3494 2065 3502 -
2090 3461 2192 3516 Pro
2223 3457 2240 3514 i

410 3558 785 3636 possibilitate
832 3576 946 3614 non
984 3557 1106 3613 aliae
1149 3557 1389 3632 alicujus
1428 3559 1700 3616 momenti
1741 3552 1997 3617 rationes
2026 3555 2337 3632 excogit'

409 3662 648 3732 possunt
685 3674 853 3731 quam
907 3655 1031 3711 duae
1077 3655 1242 3711 modo
1292 3655 1473 3727 dictae,
1522 3655 1803 3726 videlicet,
1854 3657 1986 3731 quia
2034 3655 2325 3725 tolleret¹

406 3755 708 3832 utri-usque
733 3755 1020 3832 potestatis
1059 3754 1367 3827 distinctio,
1391 3755 1473 3812 vel
1517 3756 1647 3830 quia
1689 3756 1930 3814 Ecclesia
1968 3753 2163 3830 nequit
2203 3759 2325 3842 esf

1463 3844 1493 3878 ἱ
