2340 3990
762 922 1046 1012 PARS
1137 925 1270 1011 VI·
1668 927 1700 943 ⁸

187 1163 268 1233 DE
310 1164 698 1234 PRlNClPA'l'U
736 1164 1408 1329 ThigffllltstlslhlfflleMANl
1444 1164 1802 1233 PONTIFICIS

133 1553 254 1608 Fuit
296 1570 473 1627 nuper
513 1551 741 1624 quaestio
783 1552 896 1607 haec
935 1557 1047 1606 tam
1086 1551 1273 1617 ubere,
1321 1558 1485 1624 atque
1526 1551 1569 1625 aj
1604 1557 1681 1608 tot
1720 1553 1936 1609 eximiis

65 1649 422 1723 scriptoribus
456 1650 732 1714 ventilata,
774 1654 834 1704 ut
867 1647 956 1703 hic
989 1666 1087 1704 suo
1128 1649 1247 1704 loco
1285 1648 1634 1704 indicandam
1658 1648 1940 1704 dumtaxat

64 1746 404 1802 duxerimus.
452 1746 727 1802 Lectorem
770 1764 897 1802 vero
943 1726 1220 1819 praecipue
1256 1747 1598 1802 remittimus
1634 1746 1702 1800 ad
1738 1745 1940 1803 disser-

58 1843 347 1912 tationem²
398 1862 426 1897 a
477 1844 777 1899 reverendo
824 1849 976 1916 patre
1023 1844 1258 1899 Perrone
1302 1849 1527 1899 centum
1570 1842 1682 1898 sere
1722 1843 1939 1915 paginis

59 1948 355 2010 exaratam,
393 1941 451 1995 in
480 1941 684 1996 recenti
732 1958 899 2015 opere
927 1960 1026 1996 suo
1054 1942 1129 1996 De
1156 1942 1361 1996 Domini
1393 1944 1559 1996 nostri
1587 1941 1714 1996 Jesu
1753 1940 1940 1997 Christi

69 2038 361 2106 divinitate,
383 2039 624 2093 adversus
642 2041 787 2111 hujus
807 2042 978 2094 aetatis
992 2041 1300 2109 increcIuI08‚
1322 2040 1675 2095 rationalistas
1693 2046 1741 2093 et
1758 2041 1939 2110 mythi-

58 2150 163 2188 cos,
186 2134 372 2202 <Tomo
393 2134 478 2202 111,
497 2152 622 2206 pag.
648 2136 751 2190 ‘207
769 2141 822 2190 et
839 2135 1214 2207 seq.Taurini,
1232 2153 1295 2190 ex
1313 2135 1455 2208 typis
1472 2134 1722 2200 Marielti,
1746 2133 1934 2206 1870.)

65 2229 430 2302 Subjiciemus
473 2236 676 2297 tamen,
722 2237 783 2287 ut
825 2231 882 2286 in
920 2232 1158 2303 quodam
1194 2232 1366 2288 veluti
1407 2231 1734 2305 compendio
1773 2230 1937 2286 ratio-

69 2343 163 2382 nes
211 2333 262 2382 et
316 2327 665 2384 auctoritates
713 2328 1189 2403 introspiciantur,
1231 2329 1514 2402 epistolam
1551 2347 1739 2402 quam,
1775 2328 1938 2400 jussu

61 2423 139 2479 Pii
182 2424 335 2497 Papae
372 2424 454 2490 IX,
501 2425 565 2479 ad
606 2426 934 2500 Episcopum
972 2428 1267 2500 quemdam
1310 2427 1506 2482 direxit
1557 2425 1938 2481 Eminentissi-

56 2537 183 2574 mus
204 2520 506 2575 Cardinalis
531 2521 790 2588 Caterini‚
817 2523 904 2578 die
933 2523 964 2578 8
1003 2520 1208 2597 aprilis
1231 2523 1398 2593 1864,
1430 2523 1632 2579 Gallice
1665 2523 1722 2577 in
1757 2521 1935 2577 Diario

61 2612 315 2672 l'Univers
348 2616 546 2671 editam
571 2659 585 2684 ‚
621 2618 710 2674 die
750 2619 820 2674 26
867 2619 1186 2676 novembris
1229 2619 1408 2685 1868;
1442 2620 1677 2679 tenoris
1725 2619 1935 2675 scilicet

62 2709 440 2783 hujuscemodi
471 2734 481 2766 :

283 2904 661 2962 Illustrissime
683 2914 736 2962 et
760 2910 1214 2966 reverendissime
1243 2910 1520 2982 seigneur,

129 3044 228 3100 J’ai
258 3049 468 3113 trouve,
502 3048 736 3117 incluse,
762 3050 898 3106 dans
923 3051 974 3106 la
1000 3052 1155 3108 lettre
1179 3053 1246 3108 de
1271 3058 1422 3108 votre
1443 3052 1759 3126 Seigneurie
1785 3053 1933 3109 illus-

64 3139 304 3198 trissime
333 3151 385 3199 et
421 3146 894 3219 reverendissime,
936 3166 1042 3220 que
1071 3149 1167 3222 j'ai
1205 3167 1366 3217 recue
1406 3150 1562 3205 lundi
1591 3150 1831 3220 dernier,
1879 3151 1929 3206 la

63 3237 214 3310 copie
249 3239 316 3294 de
349 3241 398 3294 la
432 3245 660 3315 reponse
693 3246 723 3298 a
758 3263 890 3301 vous
926 3250 1161 3320 envoyee
1203 3265 1300 3320 par
1337 3248 1387 3303 le
1422 3248 1688 3304 clianoine
1723 3247 1927 3303 theolo-

62 3333 149 3405 gal
173 3334 234 3390 N.
253 3339 288 3400 ¹,
318 3342 371 3391 et
394 3355 526 3393 vous
548 3358 747 3411 pouvez
772 3342 1083 3400 facilement
1108 3362 1242 3401 vous
1264 3345 1534 3419 imaginer
1555 3344 1925 3419 l’impression

65 3447 169 3502 que
195 3432 337 3487 m'en
364 3450 393 3487 a
421 3433 547 3490 saite
577 3435 625 3490 la
652 3436 876 3495 lecture.

113 3569 127 3595 ¹
151 3568 202 3609 Ce
228 3570 429 3614 chanoine
450 3573 597 3614 n'avait
614 3587 684 3627 pas
702 3579 875 3620 souscrit
901 3580 924 3620 a
951 3580 1147 3625 l’adresse
1172 3584 1224 3626 de
1241 3583 1462 3636 Passaglia,
1490 3582 1593 3623 mais
1614 3582 1641 3622 il
1662 3593 1713 3622 en
1730 3581 1860 3622 tenuit
1883 3586 1926 3623 et

61 3645 112 3675 en
130 3637 371 3689 propageait
387 3639 445 3680 les
466 3642 675 3683 maximos.
