2340 3990
1918 164 1922 167 ’
1982 184 2004 219 s

832 345 956 395 PARS
984 343 1201 398 QUARTA.
1861 337 1950 382 265

91 466 301 527 nullam
341 480 492 536 reges
532 460 588 515 in
621 455 785 514 certis
819 451 1037 510 casibus
1066 445 1371 524 deponendi
1410 447 1752 520 potestatem.
1788 440 1851 496 Et
1891 439 1950 512 in

91 562 467 640 probationem
508 554 727 614 adducit
757 556 984 616 textum,
1024 548 1083 604 in
1113 564 1222 621 quo
1246 544 1460 600 Chistus
1495 540 1628 599 dicit
1665 539 1954 597 ¹dumtaxat

94 659 368 718 reddenda
406 672 526 714 esse
568 646 908 727 principibus
949 662 1071 719 quae
1101 643 1238 718 ipsis
1278 642 1566 699 debentur.
1618 637 1786 706 Quasi
1831 639 1955 712 post

94 759 319 830 allegata
345 754 456 809 haec
478 748 659 805 divina
682 743 844 801 verba
870 759 980 797 non
1012 745 1292 798 remaneat
1316 745 1426 796 tota
1452 737 1705 813 quaestio,
1734 754 1806 793 an
1842 737 1956 792 haec

91 851 180 912 ‘vel
218 853 310 909 illa
343 849 452 906 sint
474 860 645 901 necne
670 838 916 906 Caesaris,
949 855 1046 894 seu
1080 837 1426 912 principibus
1458 837 1787 893 debeantur!
1819 833 1958 889 Sane

96 970 205 1009 non
244 948 424 1006 minus
460 941 691 999 firmiter
724 956 888 1012 quam
924 937 1151 993 Bossuet
1188 941 1411 991 sanctus
1452 934 1745 1008 Gregorius
1793 933 1959 1008 septi-

97 1066 237 1117 muS,
269 1044 370 1102 etsi
403 1043 467 1099 de
504 1058 598 1096 sua
636 1055 794 1111 reges
834 1053 900 1091 ex
940 1035 1101 1091 certis
1128 1034 1311 1090 causis
1342 1033 1652 1106 deponendi
1693 1038 1960 1106 potestate

96 1158 440 1219 nequaquam
466 1137 758 1206 dubitaret,
788 1133 1066 1189 asserebat
1090 1137 1144 1187 et
1168 1130 1531 1186 confitebatur
1551 1131 1830 1186 reddenda
1855 1131 1960 1187 Cae-

92 1241 200 1298 sari
226 1256 342 1312 quae
367 1241 493 1293 sunt
518 1231 760 1298 CaesariS,
790 1229 1066 1287 reddenda
1094 1227 1321 1300 regibus
1347 1244 1468 1300 quae
1499 1226 1635 1300 ipsis
1662 1227 1954 1284 debentur.

91 1338 262 1393 Immo
295 1335 376 1390 illi
413 1333 578 1389 etiam
613 1330 848 1405 principi
885 1346 1048 1401 quem
1102 1326 1427 1401 deponebat,
1470 1324 1624 1381 reddi
1671 1327 1814 1398 quod
1855 1327 1959 1401 ipsi

89 1433 382 1491 debebatur
416 1429 782 1487 existimabat.

162 1530 223 1585 11.
270 1530 311 1587 T
310 1539 455 1586 extus
480 1528 758 1599 evanyelici
786 1528 847 1582 de
871 1525 1306 1598 persecutionibus
1339 1542 1467 1595 quas
1502 1523 1726 1597 apostoli
1757 1526 1964 1596 passuri

93 1635 254 1687 erant.
300 1658 368 1667 —
422 1625 500 1681 Ad
533 1623 786 1697 praesides
819 1631 867 1677 et
901 1639 1043 1692 reyes
1078 1621 1331 1676 ducemini
1363 1628 1581 1694 propter
1617 1639 1699 1676 me
1729 1623 1780 1675 in
1824 1624 1965 1675 testi-

91 1727 312 1783 monium
355 1724 457 1778 illis
487 1722 560 1795 (S.
599 1721 806 1785 Mami„
846 1740 893 1784 x,
943 1719 1058 1792 18).
1095 1718 1269 1775 Nolite
1323 1720 1502 1773 timere
1562 1737 1648 1774 eos
1699 1720 1782 1790 qui
1837 1720 1967 1772 occ-i-

93 1822 214 1878 dunt
244 1839 452 1894 eorpus,
486 1821 712 1873 animam
740 1826 1042 1871 autemnon
1082 1821 1301 1886 possunt
1343 1815 1572 1868 occidere
1634 1813 1710 1884 (S.
1753 1813 1961 1877 Matth.,

91 1940 141 1991 x,
178 1919 294 1991 28).
350 1920 644 1975 Trademini
677 1924 846 1971 autem
879 1933 910 1969 α
942 1915 1243 1988 parentibus
1276 1922 1321 1967 et
1354 1913 1602 1985 fratribus
1644 1920 1694 1967 et
1736 1915 1966 1983 cognatis

93 2024 140 2073 et
174 2019 371 2086 amicis,
416 2023 465 2070 et
509 2022 673 2070 morte
718 2015 943 2086 afficient
988 2030 1053 2067 ex
1093 2012 1251 2082 vobis,
1299 2018 1348 2065 et
1391 2011 1536 2064 eritis
1581 2012 1700 2064 odio
1737 2011 1968 2066 omnibus

89 2125 299 2189 propter
330 2134 512 2170 nomen
551 2133 787 2169 menni...
832 2115 886 2166 in
911 2112 1167 2184 patientia
1210 2121 1381 2165 vestra
1411 2109 1739 2181 possidebitis
1768 2113 1969 2164 animas

92 2221 285 2268 vestras
334 2213 407 2286 (S.
457 2211 584 2280 Luc,
636 2231 737 2279 xxi,
786 2210 876 2275 16,
923 2210 1015 2275 17,
1056 2209 1172 2276 19).
1210 2207 1338 2264 Cum
1387 2215 1557 2262 autem
1592 2216 1970 2279 persequentur

92 2327 178 2365 vos
212 2313 264 2365 in
288 2314 492 2366 civitate
510 2314 609 2365 ista
637 2310 800 2379 fnqite
833 2310 884 2363 in
912 2308 1070 2362 aliam
1108 2306 1181 2380 (S.
1214 2307 1427 2376 Matth.‚
1464 2325 1516 2374 x,
1548 2305 1662 2376 25).
1698 2338 1766 2345 --
1799 2305 1873 2359 Ex
1903 2305 1969 2360 iis

93 2409 326 2464 textibus
349 2410 552 2481 colligit
582 2410 828 2468 Bossuet,
862 2424 970 2461 non
1004 2407 1186 2460 datam
1211 2403 1471 2478 apostolis
1504 2422 1804 2478 eorumque
1845 2423 1968 2460 suc-

93 2506 401 2562 cessoribus
451 2511 769 2580 potestatem
827 2504 1172 2578 principibus
1234 2502 1556 2572 resistendi,
1614 2503 1709 2558 sed
1764 2503 1967 2559 factum

95 2610 425 2677 praeceptum
469 2603 546 2660 eis
592 2602 882 2659 obediendi
928 2602 985 2656 in
1032 2601 1283 2657 civilibus
1330 2619 1428 2656 seu
1475 2601 1532 2655 in
1578 2619 1636 2656 re
1677 2602 1967 2674 temporali

94 2706 335 2757 statuum
365 2721 376 2752 ε
419 2700 481 2757 Ut
521 2709 689 2756 antem
724 2702 898 2772 quovis
938 2707 1146 2754 auctore
1182 2701 1236 2754 in
1272 2702 1412 2772 ipsos
1447 2702 1739 2770 insurgant,
1786 2707 1877 2754 aut
1918 2702 1969 2755 in

98 2799 320 2852 civilibus
357 2801 506 2870 jicssa
545 2799 842 2866 detrectent,
886 2798 1158 2870 nequidem
1189 2799 1378 2859 innuit5
1423 2799 1523 2851 imo
1558 2815 1676 2851 vero
1705 2797 1758 2850 id
1791 2805 1970 2868 aperte

99 2901 255 2959 vetat,
285 2912 395 2948 enni
427 2895 550 2948 nihil
582 2895 720 2949 alind
753 2896 932 2949 indicit
960 2913 1110 2965 qnam
1146 2897 1331 2965 pati...
1361 2897 1433 2948 sic
1471 2894 1718 2948 adversus
1751 2912 1893 2964 reyes
1921 2903 1970 2949 et

97 2990 345 3062 praesides
375 3009 433 3045 ae
462 2990 711 3061 legitimos
734 2992 1062 3060 mayistratns
1095 2988 1325 3044 Christus
1353 2991 1599 3058 mayister
1623 2988 1754 3042 nillil
1773 2997 1970 3060 praeter

102 3087 269 3157 sugam
304 3088 566 3159 relinquit,
597 3096 651 3142 ut
683 3089 856 3142 divina
895 3089 1147 3159 praesiclia
1176 3089 1229 3141 in
1259 3089 1442 3141 invicto
1481 3087 1605 3158 [idei
1635 3089 1846 3159 spiritu,
1876 3088 1969 3142 hu-

107 3198 254 3238 mana
269 3203 383 3240 vero
408 3189 458 3240 in
475 3186 603 3259 'fuya
628 3187 920 3241 habeamus.
948 3185 1091 3242 Nihil
1112 3195 1371 3258 praeterea
1400 3187 1695 3240 christianis
1722 3187 1968 3240 adversus

113 3292 253 3346 reyes
285 3288 332 3333 et
366 3284 691 3352 mayistratus
725 3301 1016 3338 concessum
1050 3290 1143 3338 est.
1170 3283 1273 3365 *Sic
1311 3282 1569 3337 declinare
1609 3284 1710 3336 vim
1748 3283 1966 3351 reqiam,

113 3372 253 3442 eique
283 3374 524 3432 obluctari
547 3379 657 3435 licet
694 3381 846 3453 (edit.
876 3381 1052 3447 Lebel,
1091 3382 1255 3452 1817,
1287 3386 1324 3436 t.
1361 3381 1530 3447 XXXI,
1563 3399 1617 3454 p.
1658 3380 1811 3447 5²24).

183 3464 546 3524 &sponna-roa,
575 3473 711 3527 -10
741 3474 819 3530 lbi
842 3475 1085 3549 loquitur
1115 3475 1363 3532 Christus
1395 3492 1651 3548 expresse
1681 3479 1733 3527 et
1764 3472 1967 3526 solum-

116 3560 274 3615 modo
293 3562 357 3618 de
383 3568 845 3636 persecutionibus
863 3589 997 3644 quas
1015 3573 1243 3647 apostoli
1263 3573 1481 3647 passuri
1506 3576 1679 3626 erant.
1703 3566 1964 3639 Loquitur

113 3659 340 3731 proinde
365 3661 637 3720 dumtaxat
670 3668 846 3738 quoad
869 3669 1008 3725 iilud
1045 3675 1318 3728 nascentis
1343 3665 1591 3725 Ecclesia>
1632 3673 1869 3737 tempus,
1905 3664 1963 3719 in
