2352 4126
942 280 1074 328 PARS
1102 280 1321 335 QUARTA.
2022 275 2079 322 15

189 394 460 452 mittimus
483 413 494 445 ε
518 406 630 446 non
656 392 807 444 certe
830 385 1087 460 progredi
1117 402 1181 443 eo
1208 398 1386 457 usque
1406 381 1647 450 sinimus,
1678 385 1744 437 ut
1767 379 1837 437 iis
1860 398 2083 456 quoque

189 490 396 550 firmari
421 487 725 560 theologica
755 484 1012 555 dogmata
1038 483 1397 540 arbitremur.
1423 500 1451 533 »
1487 477 1779 550 (DefensiO,
1800 477 1967 534 citato
1991 496 2084 534 ca·

189 591 320 665 pite,
363 587 464 645 sub
499 583 713 655 finem.)
759 579 822 636 Et
857 584 1014 635 antea
1054 580 1299 637 dixerat:
1337 601 1364 632 α
1387 571 1584 652 Majora
1610 576 1759 632 enim
1800 576 1915 632 haec
1949 582 2084 633 sunt

193 688 434 761 (nempe,
457 679 756 753 theologica
781 675 1053 749 dogmata)
1086 695 1254 750 quam
1297 683 1356 732 ut
1388 693 1499 732 uno
1534 674 1799 732 Bernardi
1827 675 1993 731 verbo
2030 682 2083 731 et

190 786 330 853 loco,
357 776 706 857 quantumvis
732 775 916 831 clarus
955 779 1124 843 esset,
1166 791 1392 847 unaque
1433 773 1692 845 allegoria
1729 772 2081 846 comprobari

190 879 419 954 possint.
452 898 479 929 »
507 874 627 930 Haec
650 889 781 927 sane
810 868 1131 925 modestiam
1159 874 1216 924 et
1247 868 1304 923 in
1332 875 1591 925 sanctum
1620 869 1967 926 Bernardum
1993 887 2080 926 re-

189 975 611 1047 verentiam1non
631 968 873 1042 sapiunt.
887 968 1064 1023 Potest
1078 972 1266 1022 autem
1286 965 1427 1022 illud
1437 965 1705 1023 Bossuetii
1720 966 2074 1024 ratiocinium

193 1075 270 1131 sic
282 1069 552 1130 contrahi:
581 1066 825 1123 doctrina
851 1064 1027 1121 sancti
1044 1062 1312 1120 Bernardi
1332 1062 1626 1136 exponitur
1648 1081 1773 1118 cum
1788 1065 2073 1138 allegoria,

192 1188 290 1227 seu
331 1186 458 1224 cum
499 1165 638 1242 stylo
681 1161 1087 1236 metaphorico3
1134 1177 1264 1232 ergo
1301 1158 1442 1213 nihil
1490 1158 1685 1231 probat
1713 1191 1788 1199 —
1822 1161 1937 1233 sed,
1982 1180 2077 1217 oro

187 1265 406 1334 amabo,
438 1262 572 1336 quid
597 1258 942 1335 probandum
973 1261 1092 1313 est?
1128 1256 1244 1312 Non
1278 1255 1429 1311 aliud
1458 1273 1626 1328 quam
1656 1256 1757 1311 hoc
1783 1276 1794 1309 ε
1828 1263 2079 1314 sanctum

186 1362 523 1419 Bernardum
560 1360 807 1414 Romano
839 1354 1085 1411 Pontifici
1128 1359 1457 1428 potestatem
1502 1352 1560 1407 in
1610 1353 1935 1426 temporalia
1983 1354 2080 1409 tri-

187 1461 390 1517 buisse.
406 1460 572 1514 Porro
593 1457 768 1531 stylus
791 1452 1346 1527 metaphoricuS,quo
1363 1458 1585 1507 sanctus
1602 1451 1793 1507 doctor
1816 1469 1951 1507 usus
1975 1461 2079 1522 est,

186 1571 538 1627 nequaquam
579 1550 809 1626 impedit
844 1550 980 1624 quin
1014 1550 1117 1604 hoc
1157 1548 1339 1621 ipsum
1369 1548 1496 1604 luce
1528 1547 1838 1603 meridiana
1877 1549 2083 1606 clarius

187 1651 508 1708 asseruerit.
534 1650 668 1705 Nam
702 1648 845 1723 quod
874 1665 974 1722 per
996 1647 1223 1718 gladium
1253 1647 1579 1702 materialem
1618 1647 1955 1703 intellexerit
1992 1667 2084 1722 po·

189 1754 436 1805 testatem
458 1748 515 1802 in
534 1745 879 1820 temporalia,
900 1762 1061 1800 nemo
1078 1744 1325 1799 sincerus
1345 1743 1403 1798 in
1413 1742 1772 1816 quaestionem
1786 1745 2076 1801 vocaverit.

189 1846 341 1900 llunc
369 1853 551 1900 autem
586 1844 833 1915 gladium
862 1841 1205 1898 materialem
1241 1841 1307 1896 ad
1335 1842 1535 1915 Papam
1577 1843 1875 1915 pertinere,
1917 1844 2079 1916 quin-

188 1941 344 2014 quies
363 1938 728 2014 apertissimis
743 1937 923 1993 verbis
942 1937 1253 1992 affirmavit.
1276 1937 1330 1991 Si
1351 1938 1555 1994 valeret
1569 1938 1842 1997 Bossuetii
1866 1941 2081 1997 ratioci—

190 2037 371 2104 nium,
401 2036 601 2091 merito
623 2035 894 2090 Lutherus
922 2033 1212 2105 objecisset
1237 2032 1375 2088 nihil
1398 2035 1632 2107 probare
1652 2043 1870 2092 sanctos
1896 2045 2079 2110 patres

186 2139 240 2189 et
266 2133 514 2188 doctores
551 2149 766 2201 omneS,
801 2132 896 2203 qui
933 2131 1229 2203 primatum
1256 2131 1484 2186 Romani
1525 2133 1804 2190 Pontificis
1832 2135 2082 2192 firmave-

187 2237 319 2286 runt
346 2229 588 2286 textibus
634 2228 996 2300 evangeliciS‚
1029 2229 1118 2283 tibi
1151 2229 1280 2282 dabo
1312 2229 1554 2286 claves...
1579 2249 1739 2302 pasce
1763 2251 1902 2298 oveS,
1929 2252 2087 2306 pasce

188 2346 417 2399 αρηοε...
449 2346 605 2400 super
630 2329 760 2382 hane
783 2334 993 2398 petram
1013 2326 1294 2397 aedificabo.
1311 2347 1374 2389 ..;
1401 2326 1679 2399 siquidem
1700 2329 1755 2382 hi
1779 2330 1946 2384 etiam
1967 2338 2083 2387 tex-

185 2431 273 2480 tus
301 2424 578 2497 allegoriae
605 2429 734 2479 sunt
763 2429 814 2478 et
837 2423 1344 2496 metaphorae.—5⁰
1369 2408 1601 2477 Textum
1626 2426 1800 2481 sancti
1825 2427 2088 2484 Bernardi

185 2517 356 2573 citant
379 2516 670 2591 Gregorius
686 2517 749 2571 IX
776 2517 970 2592 (Epist.
1005 2517 1088 2587 Vl,
1116 2518 1314 2585 Labbe,
1347 2526 1483 2575 tom.
1512 2520 1598 2591 XI,
1629 2521 1736 2575 col.
1758 2521 1887 2592 525)
1918 2529 1971 2578 et
1990 2522 2088 2578 Bo-

186 2614 423 2671 nilacius
466 2616 571 2670 VllI
619 2617 698 2685 (in
732 2617 1126 2673 constitutione
1154 2617 1321 2673 Unam
1365 2619 1619 2690 sanctam)
1652 2625 1713 2675 ut
1756 2622 2083 2679 auctoritate

185 2712 359 2768 sancti
393 2713 649 2783 doctoris,
696 2714 1038 2770 materialem
1080 2714 1325 2785 gladium
1362 2716 1586 2789 proprio
1620 2734 1682 2772 ac
1725 2718 1915 2774 stricto
1950 2720 2078 2793 jure

186 2827 349 2865 suum
366 2828 488 2866 esse
506 2811 821 2869 defendant.
843 2814 995 2877 Quod
1014 2813 1154 2868 bene
1177 2823 1399 2870 noverat
1420 2821 1471 2870 et
1493 2815 1596 2871 sibi
1631 2815 1819 2889 objicit
1847 2817 2077 2874 Bossue-

185 2907 295 2962 tius
317 2908 594 2981 (Defensio,
615 2929 668 2983 p.
698 2911 739 2978 l,
769 2911 808 2966 l.
827 2912 911 2977 Ill,
934 2930 982 2967 c.
1012 2911 1126 2980 16).
1145 2911 1267 2977 Sed,
1290 2918 1445 2968 cxtra
1469 2915 1828 2986 quaestionem
1847 2934 2071 2988 vaganS,

184 3003 318 3058 dicit
344 3005 446 3061 hoc
471 3023 578 3060 non
603 3007 855 3063 sufficere
892 3008 956 3063 ad
994 3007 1334 3081 probandam
1368 3009 1508 3066 hanc
1532 3011 1763 3065 Romani
1794 3011 2069 3068 Pontificis

183 3106 524 3174 potestatem,
547 3104 832 3160 reluctante
854 3107 938 3177 (ut
957 3105 1091 3160 falso
1111 3106 1328 3179 asserit)
1346 3110 1483 3162 omni
1506 3110 1835 3180 antiquitate.
1853 3109 2065 3166 Vanum

185 3201 237 3251 et
265 3196 411 3252 istud
443 3199 737 3274 effugium.
794 3202 927 3256 Nam
961 3203 1192 3275 quaestio
1218 3209 1318 3270 est,
1351 3222 1422 3259 an
1447 3204 1501 3259 S.
1522 3205 1834 3263 Bernardus
1863 3208 2065 3264 dictam

188 3299 507 3363 potestatem
546 3298 600 3353 in
629 3300 791 3356 citato
817 3306 970 3356 textu
997 3301 1150 3374 Papae
1191 3302 1566 3376 adscripserit.
1615 3303 1781 3360 Porro
1810 3306 1949 3362 hanc
1982 3324 2064 3360 re-

188 3404 311 3445 vera
353 3392 525 3450 fuisse
559 3395 736 3469 ipsius
763 3398 1090 3469 doctrinam,
1133 3398 1330 3472 etipse
1370 3405 1553 3455 textus
1582 3400 1860 3457 evidenter
1884 3402 2061 3456 decla-

188 3487 296 3550 rat,
330 3491 383 3540 et
419 3496 630 3546 certum
670 3494 1061 3550 existimarunt
1105 3496 1215 3550 duo
1241 3495 1449 3552 laudati
1489 3496 1801 3553 Pontifices.
1833 3496 2059 3551 Etiamsi

189 3596 416 3636 erronea
466 3584 604 3644 soret
662 3590 753 3647 illa
797 3591 1061 3648 Bernardi
1109 3598 1163 3649 et
1210 3594 1486 3650 dictorum
1547 3594 1870 3650 Pontificum
1934 3593 2062 3648 doc-
