2340 3990
201 278 290 325 204
866 273 1166 320 TRACTATUS
1197 272 1263 318 DE
1292 272 1440 320 PAPA.

199 385 377 441 latum
400 390 484 443 est
514 385 576 441 in
613 397 848 458 persona
888 379 1169 452 magnifici
1208 379 1385 437 Caroli
1418 380 1478 437 in
1519 381 1840 455 Germanos,
1868 391 1922 443 et
1957 389 2106 462 quod

134 555 138 559 ἡ
194 484 291 559 jus
321 484 560 559 eligendi
606 481 984 536 Romanorum
1030 498 1221 555 regem
1249 480 1308 537 in
1331 480 1727 556 imperatorem
1753 487 2107 558 postmodum

201 581 669 659 promovendum,
700 577 868 635 certis
899 577 1246 654 principibus
1272 579 1662 638 ecclesiasticis
1686 587 1740 639 et
1764 583 2111 644 secularibus

201 687 283 739 est
314 682 382 738 ab
409 658 602 736 eadem
629 677 758 735 sede
781 695 1134 748 concessum,
1161 697 1191 735 a
1219 697 1328 754 qua
1353 697 1512 753 reges
1543 687 1596 737 et
1620 679 1985 757 imperatores
2015 685 2110 759 qui

200 781 432 838 fuerunt
472 783 526 835 et
565 782 732 834 erunt
774 795 874 852 pro
932 782 1207 854 tempore,
1249 778 1529 854 recipiunt
1572 781 1899 856 temporalis
1942 781 2111 856 gladii

193 883 525 955 potestatem
550 878 616 934 ad
637 877 936 934 vindictam
957 878 1398 947 malefactorum,
1418 878 1637 936 laudem
1656 898 1785 937 vero
1802 881 2105 952 bonorum3

189 980 280 1055 pia
329 978 622 1036 devotione
667 983 721 1035 et
764 978 980 1035 sincero
1026 979 1193 1035 corde
1235 978 1496 1054 profiteor
1536 981 1686 1055 quod
1734 981 2110 1040 Romanorum

189 1097 374 1154 reges,
429 1079 487 1135 in
538 1079 908 1155 imperatores
957 1078 1315 1154 postmodum
1366 1079 1727 1154 promovendi
1777 1099 1877 1157 per
1922 1082 2110 1139 sedern

190 1178 468 1250 eamdem,
492 1178 562 1234 ad
590 1180 692 1234 hoc
718 1178 1074 1254 potissimum
1094 1183 1148 1235 et
1175 1179 1488 1253 specialiter
1510 1185 1890 1249 assumantur,
1913 1186 1974 1238 ut
2000 1180 2110 1238 sint

189 1285 393 1337 sanctae
445 1281 706 1336 Romanae
745 1280 1005 1337 Ecclesiae
1050 1279 1422 1337 advocati...»
1450 1282 1630 1356 (Apud
1669 1281 1993 1352 Baronium,
2039 1282 2109 1339 ad

190 1397 402 1436 annum
421 1381 818 1455 aaa—Apud
836 1380 1085 1446 Bianchi,
1108 1380 1322 1436 Potest&
1348 1381 1486 1438 della
1506 1381 1710 1448 Chiam,
1727 1389 1768 1439 t.
1788 1383 1853 1451 II,
1872 1404 1926 1459 p:
1950 1384 2106 1459 254.)

267 1481 323 1535 4⁰
361 1480 732 1536 Testimonium
765 1479 1042 1536 Clementis
1056 1499 1216 1553 papae
1236 1480 1295 1551 V,
1317 1483 1371 1536 iu
1390 1481 1604 1538 concilio
1626 1485 1933 1539 oecumenico
1962 1484 2111 1541 Vien-

186 1584 357 1638 nensi.
379 1614 447 1621 —
472 1581 711 1638 «Eidem
730 1580 990 1637 Ecclesiae
1011 1581 1332 1653 (Romanae),
1353 1598 1476 1654 quae
1507 1599 1537 1637 a
1559 1581 1761 1640 Graecis
1795 1584 2099 1659 imperium

187 1680 476 1739 transtulit
503 1681 564 1736 in
590 1680 911 1747 GermanOS,
944 1685 997 1736 et
1028 1697 1059 1735 a
1095 1699 1204 1754 qua
1248 1680 1316 1735 ad
1362 1686 1541 1737 certos
1582 1699 1778 1738 eorum
1820 1682 2099 1758 principes

181 1784 277 1858 jus
300 1789 351 1840 et
381 1786 623 1858 potestas
652 1781 894 1854 eligendi
920 1798 1109 1854 regem
1141 1781 1200 1836 in
1228 1780 1622 1855 imperatorem
1663 1783 2102 1858 promovendum

187 1882 563 1959 pervenit...»
603 1882 829 1955 (Corpus
856 1882 1017 1955 juria,
1057 1879 1421 1948 Clementina,
1455 1881 1533 1938 De
1555 1883 1921 1955 jurejuraudO,
1961 1901 2009 1940 c.
2039 1886 2097 1954 ι.)

184 1982 304 2038 Jam
334 1981 380 2037 si
407 1980 682 2037 vellemus
727 1979 1148 2045 historicorum,
1178 1979 1569 2054 theologorum
1605 1987 1658 2038 et
1684 1982 2101 2040 canonistarum

186 2082 336 2138 idem
359 2080 734 2138 asserentium
756 2080 901 2136 dicta
922 2097 1232 2153 recensere,
1247 2079 1519 2137 immensa
1540 2089 1828 2155 exurgeret
1853 2089 2101 2140 textuum

186 2182 493 2255 congeries
532 2180 905 2236 Paucissimos
930 2178 1249 2246 citabimus,
1280 2180 1574 2255 praecipuae
1604 2186 1790 2237 tamen
1825 2181 1926 2238 hac
1955 2181 2013 2237 in
2041 2201 2103 2239 re

183 2277 557 2348 auctoritatis,
586 2277 699 2333 sive
727 2277 874 2351 quod
908 2282 1231 2332 sanctorum
1261 2277 1388 2332 albo
1428 2276 1706 2352 inscripti,
1738 2278 1851 2335 sive
1877 2280 2018 2354 quod
2044 2280 2102 2336 in

184 2378 480 2435 Germania
512 2377 651 2446 nati,
685 2377 800 2433 sive
834 2377 903 2432 ob
932 2376 1038 2433 sibi
1064 2382 1443 2450 comparatam
1468 2377 1527 2433 in
1556 2396 1615 2434 re
1641 2377 1831 2434 critica
1870 2379 2098 2437 famam.

261 2479 317 2534 5⁰
355 2478 726 2534 Testimonium
765 2480 935 2533 sancti
987 2477 1207 2535 Thomae.
1239 2511 1310 2518 —
1338 2477 1532 2534 «Otho
1579 2478 1881 2554 imperium
1922 2481 2102 2538 tenuit

184 2595 363 2652 usque
386 2578 454 2633 ad
482 2578 704 2634 tertiam
741 2577 1184 2651 generationem,
1218 2596 1461 2650 quorum
1504 2579 1741 2652 quilibet
1769 2586 1993 2638 vocatus
2019 2588 2104 2639 est

184 2677 322 2734 Otho
343 2698 354 2747 ;
387 2682 440 2733 et
465 2695 531 2734 ex
557 2682 712 2746 tunc,
734 2683 796 2732 ut
821 2676 1065 2734 historiae
1085 2677 1336 2744 tradunt,
1362 2695 1460 2752 per
1477 2677 1804 2752 Gregorium
1822 2680 1883 2746 V,
1905 2699 2104 2753 genere

181 2776 440 2834 similiter
480 2777 877 2847 Teutonicum,
924 2777 1138 2852 provisa
1189 2783 1271 2833 est
1323 2777 1540 2848 electi0,
1586 2784 1648 2835 ut
1693 2779 1953 2837 videlicet
1999 2799 2099 2856 per

184 2883 394 2949 septem
422 2877 707 2952 principes
739 2877 1039 2934 Alemaniae
1079 2876 1194 2944 fiat,
1225 2895 1347 2951 quae
1387 2896 1570 2952 usque
1602 2878 1670 2934 ad
1712 2879 1816 2936 ista
1854 2885 2104 2957 tempora

185 2977 520 3048 perseverat,
563 2973 711 3047 quod
762 2980 842 3030 est
886 2975 1131 3049 spatium
1176 2974 1285 3031 270
1335 2994 1637 3048 annorum,
1684 2976 1771 3033 vel
1814 2977 1993 3045 circa;
2051 2984 2107 3035 et

186 3078 422 3154 tantum·
446 3073 674 3129 durabit
715 3080 989 3148 quantum
1020 3076 1268 3132 Romana
1312 3075 1558 3133 Ecclesia
1604 3095 1726 3150 quae
1774 3095 2104 3151 supremum

186 3171 425 3246 gradum
451 3170 509 3226 in
537 3172 851 3247 principatu
884 3179 1056 3243 tenet,
1091 3174 1292 3230 Christi
1325 3173 1585 3229 fidelibus
1626 3174 1927 3247 expediens
1956 3175 2108 3246 judi-

186 3270 414 3328 caverit.
443 3290 470 3322 »
499 3269 590 3343 (De
610 3269 895 3343 Regimine
922 3271 1262 3346 principum,
1289 3272 1330 3326 l.
1355 3271 1443 3335 Ill,
1476 3289 1526 3327 c.
1554 3270 1682 3345 xix.)
1713 3271 1931 3329 Valeret
1956 3272 2103 3330 istud

188 3369 600 3438 testimonium,
620 3369 844 3424 etiamsi
862 3370 1006 3426 liber
1025 3370 1102 3426 De
1129 3371 1375 3441 reyimine
1393 3372 1713 3443 principum,
1732 3387 1843 3426 non
1867 3390 1892 3426 a
1914 3378 2102 3429 sancto

189 3470 398 3526 Thoma
428 3467 671 3543 scriptus
699 3467 922 3540 fuisset,
950 3469 1045 3525 sed
1073 3468 1140 3524 ab
1169 3468 1301 3540 ali0,
1329 3448 1392 3524 ut
1417 3469 1701 3525 nonnullis
1728 3470 1961 3527 eruditis
1982 3489 2103 3545 pro-

193 3567 379 3624 babile
398 3566 583 3624 visum
608 3570 708 3623 est.
732 3565 868 3621 Nam
885 3584 1048 3623 verus
1074 3571 1266 3622 auctor
1290 3565 1490 3623 fuisset
1517 3572 1709 3624 sancto
1735 3568 1955 3624 Thomae
1974 3585 2099 3642 syn-

196 3669 463 3740 chronus,
492 3670 557 3723 ut
584 3665 848 3740 colligere
881 3670 968 3723 est
1005 3683 1071 3723 ex
1106 3665 1214 3722 270
1247 3665 1409 3723 annis
1433 3706 1448 3735 ‚
1480 3665 1538 3722 in
1564 3671 1714 3723 textu
1758 3665 2094 3724 memoratis.
