2340 3990
847 333 976 382 PARS
1004 327 1226 385 QUARTA.
1888 314 1974 360 159

178 446 536 526 Depositionis
556 451 742 503 autem
763 439 1004 498 formula
1022 437 1081 493 in
1099 433 1234 492 actis
1247 428 1495 505 ejusdem
1517 420 1738 481 concilii
1760 419 1972 493 (Mansi,

108 561 147 612 t.
175 550 279 618 XX,
310 547 415 603 col.
446 545 575 616 468)
604 542 846 599 refertur
880 537 935 592 in
966 537 1119 591 hunc
1147 530 1376 587 modum
1403 546 1415 579 ε

182 664 210 697 «
231 635 733 698 Excommunicatio
757 630 973 690 Henrici
1006 628 1154 701 regis
1176 621 1624 682 Teutonicorum.

181 761 209 792 α
226 738 383 794 Beate
402 736 554 791 Pctre
578 730 950 807 apostolorum
970 725 1250 796 Princeps,
1274 719 1481 776 inclina
1508 729 1830 791 quaesumus
1853 709 1973 784 pias

108 853 262 895 aures
293 839 415 889 tuas
442 830 619 896 nobiS,
640 833 693 885 et
717 825 848 883 audi
878 841 966 879 me
995 837 1214 878 servum
1242 824 1425 881 tuum,
1452 831 1618 888 quem
1645 811 1712 867 ab
1745 807 1973 864 infantia

108 929 323 990 nutristi
357 934 408 984 et
433 943 608 1000 usque
626 924 690 980 ad
710 924 859 978 hunc
885 920 1032 976 diem
1064 916 1131 971 dc
1156 927 1324 970 manu
1344 910 1670 983 iniquorum
1698 902 1969 964 liberasti,

109 1030 197 1102 qui
228 1045 314 1083 me
335 1044 432 1101 pro
459 1030 550 1080 tua
574 1020 834 1077 fidelitate
859 1018 1092 1073 oderunt
1118 1018 1170 1068 et
1195 1010 1411 1066 odiunt.
1437 1008 1516 1060 Tu
1548 1003 1687 1058 mihi
1710 1001 1865 1058 testis
1891 1019 1971 1062 es,

110 1132 163 1183 et
182 1125 404 1181 Domina
429 1139 548 1177 mea
575 1120 743 1175 Mater
765 1116 882 1180 Dei,
912 1120 962 1171 et
989 1112 1046 1167 B.
1088 1108 1290 1165 Paulus
1316 1105 1487 1160 frater
1511 1108 1660 1170 tuUS,
1703 1105 1756 1155 et
1782 1116 1976 1154 omnes

109 1222 297 1292 sancti,
327 1222 468 1295 quod
499 1226 592 1276 tua
621 1221 805 1273 saneta
829 1214 1071 1269 Romana
1099 1203 1340 1264 Ecclesia
1374 1218 1463 1256 me
1501 1198 1740 1254 invitum
1772 1197 1841 1251 ad
1875 1214 1974 1251 su‘i

105 1317 467 1393 gubernacula
502 1315 689 1379 traxit,
723 1318 776 1368 et
808 1328 905 1384 ego
946 1325 1058 1364 non
1101 1302 1355 1378 rapinam
1395 1295 1697 1353 arbitratus
1737 1310 1862 1348 sum
1909 1294 1975 1346 ad

108 1413 287 1470 sedem
325 1419 475 1467 tuam
517 1409 825 1474 ascendere,
866 1405 1160 1480 potiusque
1184 1396 1335 1455 volui
1370 1395 1539 1451 vitam
1574 1408 1756 1446 meam
1792 1389 1851 1445 in
1881 1407 1974 1463 pe-

109 1506 469 1580 regrinatione
493 1505 666 1570 finire,
696 1520 861 1577 quam
901 1502 1086 1556 locum
1112 1503 1273 1551 tuum
1313 1509 1413 1566 pro
1446 1486 1621 1561 gloria
1652 1483 1849 1541 mundi
1876 1501 1979 1539 sae-

110 1605 280 1660 culari
322 1603 536 1676 ingenio
580 1602 839 1675 arripere3
868 1604 920 1654 et
956 1597 1077 1653 ideo
1111 1613 1176 1651 ex
1217 1598 1310 1647 tua
1349 1585 1541 1662 gratia,
1587 1601 1698 1639 non
1734 1600 1797 1638 ex
1833 1580 1973 1636 meis

111 1701 384 1774 operihuS,
414 1700 571 1755 credo
597 1699 740 1771 quod
770 1696 868 1752 tibi
907 1693 1115 1769 placuit
1140 1698 1192 1747 et
1212 1690 1410 1764 placet,
1447 1690 1507 1739 ut
1531 1682 1771 1756 populus
1801 1679 1975 1736 chris-

114 1796 292 1851 tianus
358 1796 456 1850 tibi
521 1793 830 1868 specialiter
892 1790 1220 1847 commissus
1263 1782 1403 1840 mihi
1449 1779 1698 1843 obediat,
1767 1778 1973 1851 specia-

110 1893 235 1949 liter
273 1912 368 1967 pro
410 1893 525 1948 viee
568 1898 659 1947 tua
702 1890 838 1946 mihi
890 1888 1216 1952 commissa;
1271 1889 1324 1940 et
1363 1878 1502 1935 mihi
1537 1883 1631 1932 tua
1671 1876 1844 1948 gratia
1888 1885 1970 1932 est

108 1997 339 2062 potestas
389 2007 417 2044 a
445 1989 548 2044 Deo
598 1989 720 2044 data
766 1986 972 2059 ligandi
1019 1988 1181 2059 alque
1229 1977 1474 2038 solvendi
1524 1975 1581 2029 in
1621 1975 1759 2029 coelo
1804 1980 1858 2028 et
1906 1975 1963 2030 in

102 2092 262 2141 terra.

173 2202 200 2233 «
226 2182 330 2235 Hac
356 2180 542 2252 itaque
571 2180 771 2236 fiducia
797 2180 990 2244 fretuS,
1022 2197 1120 2252 pro
1143 2179 1398 2235 Ecclesiae
1425 2187 1534 2238 tuae
1561 2183 1767 2238 honore
1802 2186 1855 2237 et
1885 2179 1975 2234 de-

99 2277 359 2342 fensione,
390 2295 453 2333 ex
481 2284 635 2351 parte
663 2275 1060 2350 omnipotentis
1086 2275 1179 2331 Dei
1216 2275 1389 2330 Patris
1420 2284 1473 2333 et
1499 2279 1623 2333 Filii
1656 2284 1709 2334 et
1737 2277 1976 2351 Spiritus

98 2375 290 2443 sancti,
327 2393 423 2448 per
460 2382 610 2430 tuam
655 2379 975 2447 potestatem
1017 2379 1070 2428 et
1109 2374 1512 2447 auctoritatem,
1556 2376 1790 2432 Henrico
1829 2375 1966 2446 regi,

97 2459 208 2526 filio
224 2471 436 2526 llcnrici
462 2471 826 2544 imperatoriS,
857 2470 951 2544 qui
978 2475 1165 2535 contra
1195 2477 1346 2525 tuam
1384 2473 1686 2528 Ecclesiam
1723 2471 1967 2527 inaudita

100 2568 350 2641 superbia
384 2568 698 2635 insurrexit,
742 2568 909 2624 totius
946 2568 1097 2641 regni
1127 2569 1553 2625 Teutonicorum
1581 2577 1634 2625 et
1667 2570 1834 2626 Italiae
1866 2588 1965 2642 gu-

99 2667 385 2723 bernacula
419 2667 749 2738 contradico,
790 2674 842 2723 et
875 2686 1067 2723 omnes
1110 2668 1441 2724 christianos
1483 2688 1512 2724 a
1551 2670 1774 2725 vinculo
1809 2670 1962 2742 jura-

94 2763 284 2831 menti,
320 2764 463 2836 quod
497 2763 598 2818 sibi
634 2765 810 2820 fecere
845 2764 928 2820 vel
962 2764 1181 2829 sacient,
1222 2765 1466 2832 absolvo3
1501 2773 1554 2822 et
1592 2773 1654 2822 ut
1685 2767 1877 2821 nullus
1914 2766 1962 2822 ei

91 2859 231 2914 sicut
258 2860 367 2932 regi
399 2860 675 2927 inserviat,
707 2860 992 2916 interdico,
1018 2860 1253 2932 Dignum
1283 2868 1365 2917 est
1392 2863 1544 2917 enim
1567 2868 1629 2917 ut
1657 2862 1751 2935 qui
1782 2862 1965 2917 studet

91 2953 349 3010 honorem
394 2955 644 3011 Ecclesiae
689 2962 795 3011 tuae
845 2956 1198 3027 imminuere,
1257 2957 1375 3031 ipse
1426 2959 1690 3014 honorem
1750 2957 1964 3012 amittat

89 3067 248 3121 quem
290 3052 504 3107 videtur
546 3054 764 3109 hahere.
809 3054 873 3108 Et
897 3053 1023 3127 quia
1064 3053 1206 3109 sicut
1250 3055 1589 3111 christianus
1634 3055 1964 3129 contempsit

89 3142 323 3210 obedire,
352 3164 451 3201 nec
489 3148 555 3202 ad
589 3147 885 3204 Dominum
918 3150 1080 3205 rediit
1121 3168 1284 3224 quem
1321 3151 1554 3220 dimisit,
1586 3150 1963 3225 participando

89 3243 601 3312 excommunicatiS,
653 3264 884 3320 meaque
934 3249 1143 3304 monita
1194 3268 1314 3323 quae
1355 3268 1455 3323 pro
1498 3267 1595 3305 sua
1642 3250 1817 3305 salute
1854 3248 1956 3303 sihi

90 3334 235 3401 misi,
270 3342 322 3393 te
345 3344 498 3406 teste,
533 3343 860 3415 spernend0,
889 3363 1056 3418 seque
1079 3347 1147 3402 ab
1176 3347 1419 3403 Ecclesia
1447 3353 1563 3411 tua,
1590 3352 1807 3401 tentans
1838 3361 1956 3398 eam

87 3431 353 3495 scindere,
374 3438 692 3509 separand03
717 3439 936 3495 'vinculo
963 3459 1092 3497 eum
1115 3443 1483 3499 anathematis
1500 3442 1618 3498 vice
1636 3448 1730 3496 tua
1751 3439 1915 3506 alligo
1940 3456 1950 3486 :

83 3532 135 3581 et
164 3527 242 3582 sic.
270 3542 420 3596 eum,
447 3547 508 3585 ex
533 3530 730 3590 fiducia
754 3540 846 3591 tua
884 3537 1070 3610 alligo,
1101 3546 1162 3595 ut
1197 3540 1373 3594 sciant
1404 3544 1595 3613 gentes
1623 3542 1675 3592 et
1702 3548 1953 3604 compro-

81 3622 206 3679 bent
234 3625 360 3697 quia
390 3630 448 3680 tu
479 3643 536 3682 es
569 3627 778 3701 Petrus,
804 3638 857 3688 et
902 3651 1069 3708 super
1110 3640 1263 3691 tuam
1289 3636 1502 3690 Petram
1530 3633 1702 3687 Filius
1729 3627 1817 3683 Dei
1844 3626 1947 3682 vivi
