2340 3990
660 310 812 358 INDEX
841 309 1007 357 sum
1034 307 1373 356 MATERIARUM
1400 307 1645 356 ORDINEM.

314 415 340 468 g
386 414 424 456 4.
452 438 506 446 -
525 414 723 456 Doctrina
747 413 935 467 Bugonis
957 423 980 453 a
1009 411 1159 454 Sancto
1186 411 1350 454 Victore
1384 410 1505 465 (obiit
1525 423 1636 454 anno
1658 411 1801 466 1140).
1839 443 1853 456 .
1890 445 1902 458 .
1945 444 1957 456 .

314 483 340 535 S
386 482 424 523 5.
447 505 502 514 —
525 482 722 524 Doctrina
744 481 915 523 Ioannis
935 480 988 522 de
1013 480 1224 532 Salisbury
1247 485 1290 521 et
1316 479 1539 522 Alexandri
1554 480 1608 523 de
1629 480 1723 524 Ales
1733 514 1956 526 .....

315 551 341 603 g
389 550 427 590 6.
455 571 510 580 —
531 549 726 591 Doctrina
746 547 884 590 sancti
914 549 1048 591 lvonis
1072 548 1344 589 Camotensis
1365 547 1550 601 Episcopi
1560 577 1960 594 .........

205 627 228 652 υ
315 617 341 669 g
391 615 430 657 ’1,
453 638 505 646 -
521 615 716 658 Doctrina
735 615 866 657 sancti
881 615 1048 657 Thomae
1072 619 1114 656 et
1131 615 1266 656 sancti
1292 615 1596 659 Bonaventurae
1603 645 1961 660 ........

314 682 340 735 5
391 681 430 722 8.
450 703 504 712 -
523 681 725 722 Doctrina
752 681 866 722 beati
891 680 1115 733 Augustini
1138 681 1356 734 Triumphi
1362 712 1964 727 .............

314 747 340 799 5
385 746 426 787 9.
449 769 504 777 —
527 745 724 788 Doctrina
743 745 924 787 aliorum
954 746 1107 798 viginti
1135 746 1268 788 trium
1289 759 1313 789 e
1337 748 1626 790 celeberrimis
1651 749 1795 791 Galliae
1825 748 1972 790 docto-

364 812 505 855 ribus.
523 846 533 856 .
575 843 587 856 .
629 844 639 861 .
685 843 1964 862 .........................

313 882 338 934 ἓ
366 880 432 923 10.
453 903 506 911 -
524 880 719 923 Doctrina
740 882 840 923 cleri
863 881 1062 933 gallicani
1082 882 1126 924 in
1141 883 1324 924 comitiis
1343 883 1610 937 generalibus
1623 884 1723 925 anni
1737 883 1861 925 1615.
1896 914 1907 926 .
1950 914 1963 926 .

313 948 338 1000 ἓ
364 948 432 989 11.
456 970 507 978 --
524 948 584 989 Ab
610 948 662 988 iis
684 948 812 989 etiam
833 949 990 991 scholae
1013 950 1257 993 doctoribus
1275 950 1350 1002 qui
1375 951 1620 993 audaciores
1637 951 1814 994 extitere
1832 950 1877 991 in
1895 950 1962 992 de·

365 1016 586 1068 primenda
605 1016 774 1057 Romani
793 1017 1004 1058 Pontificis
1021 1018 1284 1068 auctoritate,
1303 1018 1447 1071 aliqua
1460 1019 1650 1064 Ecclesiae
1668 1020 1875 1062 tribuitur
1894 1030 1972 1071 po-

365 1087 493 1124 testas
511 1082 557 1123 in
584 1095 676 1124 rem
698 1085 972 1136 temporalem
993 1089 1177 1125 statuum
1188 1115 1961 1129 ................

311 1151 337 1202 g
363 1149 427 1194 12.
455 1173 507 1180 —
530 1151 663 1192 Etiam
675 1151 999 1203 jurisconsultis
1011 1150 1156 1191 Galliae
1172 1163 1307 1202 usque
1323 1152 1375 1192 ad
1392 1153 1597 1195 saeculum
1613 1153 1822 1195 decimum
1839 1152 1973 1204 septi-

364 1229 495 1269 mum,
538 1218 771 1258 indubitata
796 1218 879 1257 fuit
911 1217 1089 1257 Romani
1120 1217 1332 1258 Pontificis
1357 1223 1542 1269 potestas
1574 1220 1619 1260 in
1645 1232 1737 1262 rem
1760 1226 1973 1271 tempora-

363 1286 447 1325 lem
470 1288 655 1325 statuum
662 1313 1962 1329 ..........................

310 1352 335 1403 ἓ
360 1351 423 1392 15.
449 1374 501 1381 -
522 1351 638 1391 Anno
653 1351 869 1391 dumtaxat
894 1350 996 1390 1626
1014 1355 1234 1402 coeperunt
1257 1351 1418 1403 aliquot
1436 1352 1606 1394 Jesuitae
1635 1352 1778 1393 Galliae
1804 1363 1971 1393 necnon

365 1421 551 1460 Sorbona
582 1420 800 1459 adhaerere
829 1418 1035 1471 opinioni,
1066 1430 1150 1470 qua
1184 1418 1377 1460 Ecclesiae
1403 1419 1640 1472 denegatur
1662 1420 1867 1473 quaelibet
1894 1431 1974 1471 po·

364 1490 491 1525 testas
519 1485 562 1524 in
588 1496 679 1526 rem
697 1483 975 1535 temporalem
1003 1487 1205 1532 statuum,
1224 1496 1319 1535 quae
1335 1489 1473 1526 tamen
1497 1485 1680 1527 adhaesio
1699 1497 1783 1526 non
1809 1485 1975 1526 videtur

364 1552 495 1593 fuisse
519 1552 665 1599 libera,
689 1552 762 1592 sed
778 1563 852 1603 per
874 1552 958 1592 vim
979 1555 1022 1591 et
1046 1555 1209 1592 metum
1230 1556 1410 1593 extorta.
1427 1583 1437 1593 .
1480 1584 1490 1593 .
1531 1583 1542 1593 .
1562 1563 1567 1568 ’
1583 1582 1962 1593 ........

309 1621 334 1673 g
362 1619 428 1660 14.
455 1641 504 1648 —
526 1619 576 1659 In
603 1619 695 1659 aliis
723 1622 874 1670 praeter
901 1617 1072 1657 Galliam
1103 1617 1366 1667 regionibus,
1400 1618 1614 1658 unanimis
1646 1618 1727 1659 fuit
1752 1618 1971 1658 doctorum

362 1686 514 1728 seholae
540 1697 766 1726 consensus
798 1686 850 1726 de
879 1685 1024 1737 aliqua
1050 1684 1243 1726 Ecclesiae
1271 1684 1546 1737 potestate-in
1580 1697 1672 1726 rem
1696 1686 1971 1737 temporalem

357 1759 542 1796 statuum
552 1783 1962 1794 ............................

310 1822 334 1874 g
362 1820 425 1860 15.
445 1843 499 1851 —
519 1819 715 1860 Unanimi
733 1819 885 1860 scholae
904 1818 1169 1860 consensioni
1190 1816 1240 1859 de
1269 1818 1380 1859 dicta
1398 1819 1572 1860 Romani
1598 1819 1808 1860 Pontificis
1824 1824 1970 1871 potes-

360 1892 459 1934 tate,
497 1886 660 1928 accedit
688 1887 930 1936 auctoritas,
964 1891 1055 1927 tum
1080 1898 1129 1926 ex
1166 1887 1426 1927 consessione
1449 1887 1728 1939 ipsorummet
1756 1898 1908 1938 regum
1929 1891 1972 1928 et

358 1955 614 2008 principum,
658 1959 749 1994 tum
783 1955 894 2005 (quae
920 1954 1133 2006 praecipue
1172 1958 1318 1994 notatu
1352 1953 1494 2005 digna)
1522 1966 1572 1994 ex
1608 1951 1769 2004 ingenti
1794 1965 1971 1994 numero

362 2027 605 2063 sanctorum
620 2026 663 2061 et
683 2021 902 2061 beatorum
920 2021 994 2072 qui
1019 2021 1158 2061 eidem
1179 2021 1383 2061 doctrinae
1405 2021 1677 2062 adhaeserunt
1697 2015 1966 2074 (remissive).

310 2089 334 2141 g
357 2088 423 2129 16.
446 2110 501 2118 -
522 2089 575 2128 Ex
599 2088 810 2129 communi
828 2088 1045 2128 doctorum
1065 2089 1218 2130 seholae
1244 2101 1448 2130 consensu
1473 2095 1585 2130 certa
1609 2090 1799 2142 rigorose
1818 2089 1970 2141 proba-

360 2160 431 2196 tur
457 2156 649 2196 Ecclesiae
668 2160 850 2207 potestas
870 2155 914 2195 in
936 2167 1023 2195 rem
1050 2157 1325 2208 temporalem
1351 2161 1536 2197 statuum
1547 2188 1961 2200 .........

310 2223 334 2274 5
359 2222 424 2263 17.
451 2246 503 2255 -
527 2223 670 2263 Inania
693 2222 899 2263 Bossuetii
916 2223 1071 2274 effugia
1081 2254 1961 2265 ..................

210 2296 376 2337 SECTIO
407 2297 460 2336 ΙΙ.
484 2319 536 2326 —-
565 2299 871 2348 Argumentum
900 2309 949 2337 ex
980 2297 1171 2338 conciliis
1210 2298 1477 2339 oecumenicis
1511 2298 1715 2350 quinque,
1750 2311 1912 2339 necnon
1948 2311 1971 2340 e

257 2364 452 2415 pluribus
476 2364 643 2415 synodis
666 2364 993 2416 particularibus
1003 2395 1964 2406 ...................

258 2430 347 2471 cst.
374 2431 477 2471 1.-
500 2431 732 2471 Concilium
761 2433 1070 2472 oecumenicum
1096 2430 1369 2472 Lateranense
1395 2432 1586 2479 tertium,
1612 2443 1722 2473 anno
1742 2432 1860 2480 1179,
1892 2433 1972 2473 sibi

312 2497 541 2550 adscripsit
562 2502 803 2549 potestatem
818 2497 863 2537 in
888 2509 980 2538 rem
1002 2499 1278 2549 temporalem
1295 2503 1480 2540 statuum
1489 2530 1964 2543 ..........

258 2564 346 2604 Cir.
377 2563 431 2604 11.
449 2586 502 2593 —
519 2562 744 2605 Concilium
762 2563 1068 2605 oecumenicum
1092 2564 1364 2606 Lateranense
1387 2570 1602 2618 quartum,
1622 2577 1732 2606 anno
1754 2565 1871 2613 1215,
1892 2566 1973 2606 sibi

283 2637 286 2642 '
310 2632 462 2672 dictam
487 2636 740 2682 potestatem
761 2631 990 2671 vindicavit
1000 2660 1965 2674 ...................
2028 2650 2031 2653 ·

260 2700 347 2738 Cir.
368 2699 440 2738 111.
460 2721 513 2728 —
537 2698 770 2739 Concilium
796 2698 1102 2739 oecumenicum
1118 2698 1390 2750 Lugdunense
1415 2699 1516 2739 anni
1541 2698 1660 2747 1245,
1684 2699 1873 2739 eamdem
1899 2711 1976 2750 po-

286 2769 475 2805 testatem
500 2764 581 2804 sibi
608 2764 833 2804 vindicavit
842 2794 1968 2807 ......................

262 2831 346 2871 Cir.
367 2831 429 2870 IV.
456 2852 507 2859 —
533 2831 764 2870 Concilium
782 2831 1097 2871 constantiense
1121 2830 1312 2870 eamdem
1331 2830 1412 2870 sihi
1429 2828 1651 2880 adscripsit
1672 2833 1932 2882 potestatem.
1958 2861 1968 2870 .

262 2897 349 2936 Cir.
374 2894 417 2933 V.
446 2917 499 2923 —
527 2893 760 2934 Concilium
784 2893 1075 2934 Tridentinum
1099 2893 1288 2933 eamdem
1312 2893 1391 2933 sibi
1411 2898 1657 2944 potestatem
1675 2893 1917 2934 vindicavit.
1959 2925 1969 2934 .

261 2963 350 3003 Car.
377 2961 440 3001 vl.
462 2984 515 2991 —-
533 2960 794 3013 objectiones
815 2961 968 3013 quibus
993 2960 1172 3001 tentavit
1191 2961 1362 3000 Bossuet
1379 2966 1675 3012 argumentum
1694 2961 1978 3011 edictisquin·

235 3027 240 3033 '
314 3037 396 3077 que
413 3025 595 3066 conciliis
615 3023 842 3064 deductum
862 3023 1047 3070 eludere,
1079 3034 1253 3074 prorsus
1272 3022 1417 3064 inanes
1438 3028 1537 3063 sunt
1543 3051 1866 3064 .......
1869 3052 1874 3055 ,
1909 3055 1918 3064 .
1962 3055 1971 3064 .

316 3093 374 3133 1f‘⁵
393 3091 598 3143 objection
623 3091 673 3130 de
699 3091 886 3131 Bossuet.
905 3113 958 3120 —
974 3089 1013 3129 Si
1031 3091 1089 3130 les
1106 3089 1287 3131 conciles
1313 3095 1385 3131 ont
1408 3092 1554 3132 exerce
1580 3102 1637 3130 un
1654 3091 1829 3141 pouvoir
1845 3103 1919 3131 sur
1935 3092 1973 3132 le

369 3159 574 3209 temporel
597 3158 667 3198 des
686 3148 816 3206 mats,
837 3157 888 3198 ils
910 3168 962 3197 ne
987 3156 1088 3197 l'ont
1111 3155 1187 3196 fait
1206 3156 1334 3208 qu’en
1356 3161 1478 3196 vertu
1498 3156 1556 3197 du
1571 3161 1885 3198 consentement
1905 3157 1979 3197 des

370 3234 535 3274 princes
546 3248 1971 3262 ............................

318 3290 359 3330 2ο
385 3289 594 3340 objection
621 3289 674 3328 de
697 3289 882 3330 Bossuet.
907 3311 961 3319 —
982 3290 1089 3329 Dans
1110 3289 1171 3328 les
1197 3289 1359 3330 decrets
1384 3289 1458 3330 des
1475 3288 1654 3329 conciles
1676 3287 1793 3334 cites,
1821 3286 1852 3325 il
1871 3287 1979 3327 n'est

371 3366 445 3406 pas
466 3353 661 3404 question
684 3354 756 3395 des
770 3354 865 3395 Rois
882 3354 924 3395 ni
940 3356 1014 3396 des
1040 3355 1295 3396 Souverains
1311 3360 1584 3408 proprement
1599 3353 1694 3402 dits,
1718 3353 1821 3393 mais
1841 3353 1980 3393 seule-

371 3427 488 3462 ment
514 3422 589 3461 des
614 3421 867 3462 feudataires
877 3451 1970 3467 ......................

321 3490 363 3529 5⁰
399 3488 606 3539 objection
646 3489 697 3528 de
728 3487 916 3530 Bossuet.
935 3512 986 3520 —
1011 3491 1063 3531 Le
1085 3495 1447 3532 commencement
1479 3490 1535 3530 du
1561 3488 1702 3529 decret
1735 3488 1818 3529 cite
1846 3488 1903 3527 du
1937 3488 1978 3527 ’ὅο

377 3557 535 3598 concile
559 3556 612 3596 de
640 3555 804 3603 Latran.
830 3557 882 3596 οὺ
903 3556 933 3596 il
960 3563 1023 3597 est
1050 3557 1111 3598 dit
1135 3569 1218 3609 que
1240 3550 1406 3609 raguse
1421 3569 1466 3598 se
1482 3560 1672 3597 contente
1691 3557 1747 3597 clu
1767 3555 1978 3608 juqement

375 3622 690 3676 ecclesiaslique
712 3635 814 3664 saus
840 3623 950 3675 faire
972 3624 1257 3667 d’eoeecutions
1272 3623 1534 3680 mitylenem,
1565 3634 1837 3676 prouveque,
1858 3624 1975 3664 selon

2009 306 2099 355 459

2045 410 2099 455 20

2045 478 2100 520 25

2048 545 2099 588 27

2048 613 2098 655 51

2049 678 2103 721 55

2050 813 2103 854 45

2047 880 2101 922 54

2049 1083 2103 1126 60

2050 1284 2100 1324 67

2051 1751 2099 1792 77

2049 2156 2096 2196 81

2050 2223 2101 2264 84

2026 2364 2104 2407 100

2031 2764 2107 2805 107

2031 2830 2108 2871 108

2031 2893 2104 2934 111

2033 3023 2109 3064 112

2034 3218 2110 3258 112

2033 3420 2110 3462 120
