2340 3990
854 320 986 369 PARS
1013 317 1230 375 QUARTA.
1895 307 1982 358 255

121 432 302 495 omnia
329 436 442 489 toto
475 431 608 487 orbe
638 435 913 487 terrarum
935 426 1003 483 ad
1036 442 1192 482 suam
1222 425 1543 498 potestatem
1575 421 1876 491 utcumque
1900 435 1988 475 re-

120 550 309 591 vocare
348 529 592 604 cogitur?
618 549 645 581 υ
679 526 960 600 (Defensio,
999 527 1142 598 part.
1169 521 1250 591 11,
1294 519 1391 577 lib.
1437 519 1498 585 V,
1531 549 1599 559 —
1625 516 1760 574 alias
1800 513 1899 571 lib.
1941 515 1986 583 1,

121 638 252 690 sect.
281 631 345 702 11,
372 646 489 704 cap.
517 626 706 699 xxxiv.)

194 727 639 805 Respondemus:
667 720 818 792 Quis,
852 725 1049 795 praeter
1073 717 1438 790 Bossuetium‚
1481 733 1595 774 non
1636 713 1836 785 videat,
1880 729 1990 769 non

122 831 334 884 tantum
381 827 524 879 stare
562 834 719 893 posse
759 815 1165 872 distinctionem
1211 833 1335 872 cum
1377 811 1844 880 subordinatione,
1891 809 1988 866 sed

125 942 233 982 non
256 919 490 998 potuisse
514 934 543 971 a
568 913 784 971 Christo
813 911 1096 969 distinctas
1136 912 1371 983 institui,
1403 911 1539 985 quin
1563 910 1806 984 regalem
1827 907 1991 965 vellet

126 1038 244 1080 esse
277 1016 517 1076 medium
560 1011 739 1086 quoad
777 1011 1030 1079 alteram,
1054 1010 1108 1065 id
1141 1016 1222 1066 est
1251 1009 1637 1066 ecclesiastieae
1661 1007 1986 1080 subjectam,

123 1122 381 1195 quantum
412 1111 641 1186 requirit
674 1110 798 1166 finis
838 1108 1090 1166 Ecclesiae
1126 1108 1405 1183 proprius,
1433 1107 1748 1164 animarum
1790 1114 1991 1163 aeterna

121 1213 300 1273 salus?
325 1210 425 1268 Sed
443 1210 510 1266 de
543 1210 645 1264 hoc
666 1205 916 1280 sequenti
951 1204 1212 1261 sectione.
1244 1203 1467 1260 Interim
1500 1209 1721 1260 notetur
1747 1222 1989 1277 quanam

118 1317 234 1368 arte
256 1314 480 1367 conetur
501 1306 731 1362 Bossuet
767 1303 1061 1362 communi
1082 1302 1370 1359 doctorum
1409 1301 1694 1358 sententiae
1725 1301 1990 1357 invidiam
2035 1302 2037 1305 ’

116 1425 321 1467 creare.
368 1405 633 1481 Supponit
665 1404 840 1473 enim,
880 1404 937 1459 in
977 1403 1080 1459 hac
1120 1402 1413 1472 sententia,
1458 1402 1653 1457 debere
1680 1401 1990 1457 Romanum

120 1503 428 1582 pontificem
453 1504 758 1575 temporalia
791 1504 964 1557 omnia
989 1508 1094 1557 toto
1122 1502 1242 1556 orbe
1270 1509 1526 1557 terrarum
1554 1501 1621 1556 ad
1645 1519 1701 1556 se
1726 1517 1986 1555 revocare.

115 1605 170 1661 Id
202 1620 426 1677 prorsus
462 1602 685 1658 salsum.
724 1601 1013 1658 Enimvero
1074 1601 1131 1655 in
1167 1600 1309 1657 dicta
1363 1599 1645 1656 communi
1683 1599 1954 1655 sententia
1977 1642 1991 1668 ,

116 1718 221 1759 non
243 1707 478 1766 tenetur,
508 1699 617 1754 imo
647 1715 748 1754 nec
777 1698 936 1754 debet
956 1716 1211 1754 summus
1238 1697 1482 1771 pontifex
1519 1697 1576 1752 in
1601 1695 1995 1771 temporalibus

116 1795 462 1864 intervenire,
504 1794 609 1849 nisi
642 1792 862 1868 quando
902 1797 956 1849 et
990 1792 1047 1848 in
1086 1799 1356 1867 quantum
1388 1793 1553 1850 finem
1587 1793 1836 1851 Ecclesiae
1871 1812 1996 1868 pro-

116 1893 301 1970 prium
326 1891 679 1967 impedirent.

187 1990 564 2064 Scissitabitur
609 1990 788 2044 forsan
829 1988 972 2062 quiS‚
1014 2007 1148 2044 num
1185 1989 1378 2045 saltem
1423 2008 1519 2064 per
1555 1990 1900 2048 Gelasianam
1946 1998 1999 2050 et

117 2090 348 2147 aliorum
374 2090 595 2144 Patrum
618 2087 685 2143 de
710 2088 961 2143 distinctis
979 2088 1249 2145 ambabus
1276 2089 1639 2163 potestatibus
1663 2090 1992 2161 doctrinam,

117 2188 438 2246 excludatur
461 2186 645 2260 opinio
677 2186 744 2242 de
766 2187 962 2241 directa
991 2186 1223 2242 Romani
1242 2188 1515 2262 pontificis
1545 2189 1604 2243 in
1637 2207 1758 2244 rem
1788 2198 1993 2263 tempo-

117 2288 285 2344 ralem
311 2293 551 2342 statuum
578 2284 914 2341 auctoritate.
957 2285 1222 2358 Equidem
1264 2286 1320 2341 in
1351 2288 1452 2342 hac
1483 2287 1762 2360 opinione,
1797 2307 1895 2344 suo
1939 2289 1994 2343 in

118 2384 281 2441 terris
311 2382 509 2440 vicario
551 2380 875 2438 contulisset
906 2382 1152 2439 Christus
1185 2402 1478 2457 supremam
1510 2384 1566 2439 in
1596 2385 1993 2459 temporalibus

121 2481 286 2537 simul
311 2487 362 2537 et
386 2479 766 2553 spiritualibus
793 2480 1194 2537 auctoritatem.
1221 2481 1286 2537 At
1313 2481 1478 2538 simul
1502 2482 1832 2539 instituisset
1857 2489 1994 2540 tem-

121 2577 321 2653 poralis
367 2576 648 2651 potestatis
710 2577 1059 2633 immediatam
1111 2582 1461 2635 executionem
1508 2598 1617 2636 non
1663 2580 1781 2637 fore
1823 2599 1994 2656 penes

121 2692 338 2750 papam,
381 2674 475 2730 sed
514 2691 680 2747 penes
726 2674 1088 2749 imperatores
1131 2676 1332 2734 aliosve
1375 2679 1677 2754 principes
1725 2680 1876 2736 Unde
1927 2680 1995 2736 ad

124 2770 408 2843 praedictos
454 2776 635 2827 textus
671 2774 1004 2846 respondent
1050 2774 1215 2848 hujus
1259 2778 1540 2834 sententiae
1579 2778 1836 2853 patroni:
1876 2796 1996 2835 esse

124 2885 248 2923 vere
289 2864 571 2924 distinctas
625 2869 814 2925 ambas
867 2875 1182 2945 potestatcS,
1236 2875 1332 2929 sed
1387 2875 1735 2933 solummodo
1785 2878 1997 2933 ratione

124 2966 433 3022 immediatae
462 2968 794 3037 executionis,
823 2985 945 3040 quae
977 2968 1102 3041 jure
1143 2971 1423 3027 ordinario
1457 2974 1695 3047 pertinet
1736 2976 1803 3030 ad
1829 2976 1998 3031 Caesa-

126 3081 261 3120 rem.
287 3065 413 3129 Quae
442 3064 661 3138 quidem
683 3066 985 3139 responsi0‚
1012 3073 1175 3140 prout
1205 3074 1259 3125 et
1286 3069 1404 3144 ipsa
1429 3071 1495 3127 de
1520 3073 1714 3128 (lit-ecta
1732 3078 1999 3147 potestate

132 3157 332 3228 opinio,
357 3177 699 3234 nequaquam
733 3160 867 3216 mihi
894 3161 1110 3219 videtur
1139 3166 1401 3237 gravitate
1433 3186 1634 3226 carere.

204 3253 285 3309 lv.
311 3256 505 3314 Nedum
539 3260 875 3315 Bossuetiano
907 3267 1173 3334 systemati
1208 3267 1384 3337 faveat
1419 3270 1749 3340 antiquorum
1779 3269 1995 3325 Petrum

140 3348 368 3421 traditio,
398 3355 500 3424 ejus
538 3374 564 3410 e
602 3366 779 3413 contra
814 3358 1096 3431 falsitatem
1133 3365 1323 3433 arguit.
1346 3397 1415 3405 —
1437 3364 1669 3422 Sanctus
1700 3365 1992 3436 Gregorius

136 3440 515 3516 Nazianzenus,
549 3451 615 3508 de
642 3459 874 3527 utraque
903 3462 1167 3529 potestate
1200 3460 1495 3532 disserenS,
1516 3462 1756 3519 asseruit
1783 3483 1793 3515 :
1822 3461 1995 3527 Quan-

139 3550 240 3598 tum
281 3562 312 3598 a
353 3547 538 3617 spiritu
570 3565 768 3623 corpus,
813 3559 1012 3610 tantum
1048 3574 1080 3611 a
1114 3559 1404 3615 sacerdotio
1450 3563 1722 3632 imperium
1756 3561 1993 3630 supe-rari

135 3640 398 3710 (oratione
423 3643 488 3698 17
508 3643 575 3699 ad
592 3645 729 3704 cives
740 3649 1141 3727 Nazianzenos).
1160 3688 1229 3698 —-
1248 3657 1478 3714 Sanctus
1495 3658 1733 3712 Isidorus
1762 3655 1993 3714 Pelusia-
