2340 3990
325 278 413 326 344
992 273 1288 322 TRACTATUS
1317 275 1384 322 DE
1416 276 1566 325 ΡΑΡΑ.

403 383 690 440 Pnorosmo
730 381 833 438 lva.
867 411 943 420 —
971 379 1333 437 Cardinalium
1366 381 1642 456 colleyium
1677 403 1784 440 non
1817 404 1931 442 sese
1961 368 2241 464 obliyatum

338 485 657 541 existimavit
687 481 756 536 ad
782 481 1126 555 deserendum
1165 482 1418 555 ejusmodi
1455 483 1861 559 mansionibus,
1895 505 1995 560 per
2013 494 2242 565 praefata
2284 531 2307 556 22

332 582 586 654 yubernia
628 580 1238 655 transmissis—Saepe
1279 580 1510 655 quidem
1555 582 1830 640 abstinuit
1868 584 1937 640 ab
1976 585 2244 660 eligendis

335 679 417 735 sic
445 678 692 736 exclusis
732 678 1137 737 cardinalibus.
1167 681 1234 738 At
1276 681 1493 756 pluries
1529 682 1697 740 etiam
1732 701 1828 741 eos
1873 684 2025 759 ipsos
2058 686 2242 761 elegit,
2271 745 2274 747 ,

330 783 499 852 prout
530 784 749 836 constat
786 779 944 837 factis
971 780 1157 838 citatis
1193 780 1342 856 apud
1382 782 1588 840 Moroni
1625 784 1946 858 (Dizionario
1991 786 2045 841 di
2083 787 2248 844 erudi-

330 878 553 934 zione...
596 878 768 935 verbo
803 878 1116 954 Esclusm).
1147 879 1305 944 Quod
1343 886 1530 938 tamen
1562 901 1858 958 nunquam
1899 884 2245 959 contigisset,

334 975 383 1032 si
422 976 760 1033 exclusivam
798 977 1119 1035 Cardinales
1161 979 1492 1037 habuissent
1531 986 1797 1056 tanquam
1835 983 1930 1057 jus
1969 983 2246 1041 dictorum
2334 1023 2337 1026 <

327 1074 758 1148 guberniorum'‚
785 1079 871 1134 vel
914 1078 1084 1134 etiam
1116 1085 1383 1152 tanquam
1415 1099 1639 1137 merum
1668 1081 2022 1156 privilegium
2056 1083 2193 1158 ipsis
2218 1102 2248 1142 a
2300 1078 2301 1081 ¹

331 1174 471 1232 Sede
495 1176 812 1251 Apostolica
838 1196 1196 1235 concessum.
2310 1259 2311 1262 Ἴ

403 1272 694 1330 Pnoposmo
737 1275 818 1330 Va.
860 1308 932 1316 —
963 1276 1250 1332 Exclusiva
1290 1295 1396 1332 non
1435 1279 1623 1334 nititur
1658 1281 1761 1335 nisi
1800 1283 1956 1336 meris
1993 1283 2150 1354 saetis
2189 1299 2251 1337 ex

327 1379 484 1445 parte
503 1373 892 1444 yuberniorum,
925 1380 974 1428 et
997 1392 1143 1428 mera
1172 1374 1459 1429 tolerantia
1484 1384 1720 1449 exparte
1747 1381 2077 1434 auctoritatis
2096 1380 2254 1436 eccle·

335 1472 575 1527 siasticae.
601 1471 959 1546 —Sequitur
986 1490 1050 1528 ex
1076 1472 1543 1546 praecedentibus.

408 1572 688 1628 Pfloposmo
727 1573 829 1629 vla.
860 1605 929 1612 —
953 1572 1110 1629 Ratio
1153 1573 1445 1629 tolerandae
1471 1574 1743 1630 exclusivae
1765 1577 2029 1632 hodiernis
2059 1585 2253 1651 tempo·
2335 1640 2340 1645 ,

345 1673 489 1728 ribus
514 1675 725 1728 omniuo
754 1673 967 1728 desiisse
992 1673 1223 1729 videtur.
1251 1706 1321 1714 —
1341 1674 1498 1730 Ratio
1518 1674 1671 1731 enim
1699 1675 1794 1730 illa
1814 1675 1919 1731 suit
1941 1677 2091 1750 quod
2115 1677 2258 1734 dicta

338 1770 641 1844 gubernia‚
684 1788 797 1844 non
836 1777 1057 1827 tantum
1107 1790 1227 1829 sese
1267 1772 1560 1844 catholica,
1602 1773 1700 1829 sed
1737 1774 1904 1830 etiam
1948 1776 2259 1851 praecipuos

335 1868 595 1926 Ecclesiae
627 1871 915 1927 catholicae
943 1871 1264 1929 defensores
1305 1873 1722 1947 profiterentur.
1754 1875 1851 1931 Ast
1884 1876 2049 1932 hodie
2074 1877 2258 1934 Galliae

346 1970 713 2044 gubernium‚
752 1978 1028 2046 quatenus
1068 1974 1201 2047 tale,
1242 1992 1355 2030 non
1394 1974 1572 2048 magis
1614 1992 1672 2031 se
1707 1977 2046 2033 catholicum
2089 1997 2255 2052 quam
2325 1959 2334 1967 ’

334 2071 761 2128 musuhnanum
789 2074 1105 2148 profitetur.
1127 2075 1191 2130 Et
1213 2074 1429 2131 invecta
1456 2075 1663 2149 pariter
1691 2075 1749 2130 in
1767 2077 2050 2133 Austriam
2071 2085 2121 2134 et
2141 2078 2259 2135 llis-

339 2172 566 2248 paniam
598 2173 830 2229 libertas
848 2174 1128 2230 cultuum.
1147 2173 1255 2230 Nec
1275 2175 1450 2230 ullam
1470 2175 2037 2249 obligationcmjdicta
2055 2177 2258 2250 guber-

342 2274 435 2330 nia
460 2275 578 2349 jam
614 2280 925 2348 agnoscunt
951 2274 1252 2348 praestandi
1284 2275 1351 2331 ad
1388 2276 1614 2348 jussum
1653 2292 1931 2350 supremae
1965 2277 2258 2334 auctorita-

341 2373 417 2430 tis
452 2375 846 2432 ecclesiasticae
888 2374 1102 2431 brachii
1148 2375 1436 2432 saecularis
1467 2375 1770 2432 auxilium.
1800 2375 1935 2432 Hinc
1961 2376 2163 2432 merito
2201 2376 2257 2432 in

344 2490 510 2547 opere
548 2474 910 2530 Dictiomiaire
946 2476 1379 2549 encyelopedique
1409 2476 1471 2532 de
1501 2477 1553 2531 Ia
1582 2476 1853 2550 the'oloflie,
1890 2494 1993 2548 par
2028 2476 2116 2530 des
2145 2476 2259 2531 doc-

342 2578 482 2626 teurs
510 2574 802 2629 allemands
828 2574 1016 2646 (verbo
1034 2575 1342 2648 Eaeclusion)
1371 2596 1380 2628 :
1410 2597 1436 2627 «
1459 2575 1573 2640 Que
1600 2574 1819 2648 signifie
1849 2594 1909 2632 ce
1935 2575 2082 2631 droit
2111 2575 2259 2631 d'ex-
2306 2569 2311 2573 ’

342 2669 565 2726 clusion
591 2675 782 2727 exerce
805 2689 1003 2728 encore
1026 2673 1095 2728 de
1116 2691 1218 2728 nos
1236 2673 1397 2746 jours
1420 2691 1521 2747 par·
1544 2673 1885 2747 l‘ernpereur
1912 2672 2254 2739 d'Autriche‚
2326 2719 2330 2726 .

341 2787 443 2844 par
476 2770 554 2826 les
582 2769 912 2826 souverains
948 2770 1015 2827 de
1049 2770 1257 2828 France
1290 2778 1342 2828 et
1379 2771 1707 2847 d’Espagne,
1740 2772 1786 2828 si
1814 2791 1903 2828 ces
1938 2771 2162 2846 princes
2191 2788 2257 2827 ne

342 2874 472 2925 sont
498 2869 628 2945 plus
651 2869 981 2927 reellement
1010 2871 1092 2927 les
1123 2877 1471 2946 protecteurs
1498 2871 1566 2928 de
1591 2861 1846 2944 l’Eglise?
1871 2872 1943 2928 lls
1970 2873 2126 2927 n'ont
2149 2869 2256 2928 evi·
2296 2908 2299 2915 ι

343 2968 630 3028 demment
655 2971 785 3045 plus
812 2970 880 3028 de
908 2971 1076 3028 motis
1091 2990 1235 3048 pour
1259 2972 1515 3029 soutenir
1540 2971 1665 3029 leur
1689 2970 2027 3046 protention.
2054 2993 2080 3025 »
