2340 3990
331 343 419 390 302
1001 335 1299 382 TRACTATUS
1331 335 1396 381 DE
1427 334 1575 382 PAPA.

330 457 428 510 aut
459 451 857 526 imperatorem
895 443 1103 502 habere
1144 463 1470 521 supremam
1509 449 1842 520 potestatem
1884 443 1943 501 in
1974 450 2247 522 tempora-
2276 422 2314 534 i}

331 552 504 618 libus,
535 549 664 623 quia
702 563 816 602 non
858 550 1099 619 possunt
1138 563 1260 602 esse
1289 545 1400 602 duo
1438 562 1701 620 suprema
1734 544 1915 620 capita
1958 541 2019 602 in
2053 547 2245 606 eodem

331 651 545 708 ordine.
574 645 753 720 Igitur
781 644 827 702 si
859 643 1110 702 Pontifex
1138 645 1307 702 habet
1337 664 1662 721 supremam
1684 650 2013 719 potestatem
2041 645 2249 704 directe

329 771 393 808 ac
422 766 520 825 per
547 766 626 815 se,
657 764 886 803 necesse
908 751 993 802 est
1013 751 1076 802 ut
1096 744 1156 801 in
1175 745 1414 821 reliquis
1441 746 1704 803 omnibus
1731 745 2084 821 principibus
2110 752 2250 804 tem·

330 848 619 926 poralibus
645 865 758 903 non
797 845 870 902 sit
902 863 1163 920 suprema
1194 850 1460 920 potestaS,
1500 845 1631 918 quia
1667 845 1860 903 nullus
1895 844 2002 902 erit
2029 845 2126 920 qui
2158 866 2250 903 su-
2299 886 2302 890 .

330 949 611 1026 periorem
648 946 707 1002 in
738 946 1147 1020 temporalibus
1179 963 1293 1001 non
1324 949 1701 1018 recognoscat.
1732 945 1847 1001 lmo
1882 945 2058 1019 aliqui
2082 945 2248 1002 etiam
2299 943 2302 945 Δ
2331 931 2333 955 ³

329 1050 564 1116 addunt,
598 1046 786 1104 omnia
819 1046 947 1121 jura
974 1063 1281 1120 regnorum
1323 1050 1378 1101 et
1415 1043 1667 1100 dominia
1706 1043 1865 1100 Petro
1898 1045 2093 1100 collata
2130 1063 2252 1102 esse
2303 1026 2313 1098 Δ.

333 1158 599 1223 tanquam
619 1145 827 1203 Christi
845 1145 1074 1209 vicario,
1098 1150 1152 1201 et
1171 1144 1239 1199 ita
1260 1145 1577 1200 Romanum
1597 1142 1917 1218 pontificem
1936 1143 1996 1198 in
2013 1143 2111 1200 illo
2122 1143 2251 1218 jure
2316 1131 2340 1193 J

330 1249 647 1315 succedere,
674 1248 912 1321 ideoque
937 1261 1260 1320 supremam
1283 1249 1612 1318 potestatem
1633 1244 1852 1300 civilem
1873 1244 1930 1299 in
1951 1244 2143 1301 habitu
2167 1245 2252 1319 (ut

331 1350 438 1425 ipsi
463 1347 796 1423 loquuntur)
818 1346 998 1402 solum
1021 1364 1144 1402 csse
1161 1346 1220 1400 in
1238 1344 1524 1412 Pontifice;
1546 1343 1802 1417 quamvis
1821 1362 1920 1418 per
1938 1344 2076 1400 alios
2093 1361 2250 1417 reges

330 1470 394 1508 ex
435 1449 601 1505 tacita
631 1446 720 1503 vel
759 1462 1017 1520 expressa
1042 1445 1403 1500 concessione
1443 1443 1600 1501 illam
1636 1442 2012 1511 administret.
2062 1444 2138 1499 Ita
2170 1443 2249 1499 lo-
2304 1483 2306 1486 -

328 1555 582 1624 quuntur
617 1544 883 1620 praecipui
934 1562 999 1599 ex
1049 1542 1294 1617 antiquis
1322 1541 1469 1615 juris
1512 1541 1784 1597 Pontificii
1824 1541 2246 1615 interpretibuS,

325 1647 535 1718 Glossa,
579 1642 956 1706 InnocentiuS,
1009 1640 1334 1707 Hostiensis‚
1378 1641 1616 1696 Joannes
1653 1640 1937 1707 Andreas,
1966 1640 2250 1697 Panormi-

326 1751 515 1811 tanuS,
543 1742 768 1799 Felinus
795 1746 850 1797 et
875 1739 1146 1796 Decius..
1177 1740 1239 1796 Et
1280 1758 1342 1795 ex
1373 1738 1778 1813 interpretibus
1815 1739 1959 1813 juris
1992 1739 2246 1808 Caesarei,
2315 1746 2319 1750 ’

325 1843 642 1909 Bortholus‚
675 1840 977 1915 Oldradus,
1006 1840 1209 1896 Paulus
1249 1840 1316 1896 dc
1343 1841 1553 1907 Castro,
1586 1846 1640 1897 et
1673 1839 1772 1896 alii
1806 1859 1946 1914 quos
1975 1841 2251 1898 Navarrus
2325 1865 2332 1871 ·

327 1949 380 2000 et
415 1941 776 1999 Covarruvias
808 1942 949 1996 infra
994 1941 1199 1997 citandi
1245 1941 1517 1998 referunt.
1564 1940 1778 2006 Quibus
1819 1941 2055 1997 accessit
2090 1941 2250 1998 divus

324 2043 636 2099 Antoninus
668 2042 775 2116 (IIIa
799 2048 971 2117 part„
1000 2042 1085 2100 tit.
1113 2042 1267 2108 XXII,
1297 2061 1346 2098 c.
1379 2062 1428 2108 v,
1462 2044 1486 2113 ἕ
1511 2041 1580 2098 ’15
1606 2046 1660 2097 et
1691 2041 1810 2115 17),
1842 2041 2076 2097 Alvarus
2102 2042 2250 2098 Pela·

325 2139 473 2214 gius,
501 2145 554 2196 ct
574 2138 922 2212 Augustinus
949 2139 1017 2195 de
1045 2140 1270 2195 Ancona
1292 2141 1329 2210 ¹,
1362 2158 1493 2195 cuin
1523 2139 1650 2195 aliis
1682 2140 1877 2197 multis
1907 2159 1937 2196 a
1972 2139 2251 2215 praedictis

326 2240 535 2298 relatis.
564 2262 590 2293 »
630 2239 897 2314 (Defensio
931 2240 1055 2312 fidei
1087 2246 1282 2296 contra
1318 2239 1544 2313 AngIOS,
1583 2241 1685 2296 lib.
1718 2241 1804 2307 III,
1836 2259 1953 2316 cap.
1984 2261 2033 2307 v,
2068 2258 2125 2298 n.
2166 2240 2248 2313 4.)
2335 2299 2337 2302 Α

325 2341 658 2416 Supremam
701 2344 1031 2414 potestatem
1080 2339 1304 2396 civilem
1359 2340 1709 2397 itaRomano
1743 2340 1994 2398 Pontifici
2029 2359 2252 2416 compc-
2338 2371 2340 2376 ·

326 2447 463 2509 tere,
507 2448 571 2499 ut
611 2465 637 2496 «
675 2459 775 2518 per
811 2440 950 2497 alios
989 2459 1146 2514 reges
1195 2459 1258 2497 ex
1297 2443 1460 2497 tacita
1510 2442 1589 2497 vel
1626 2446 1876 2515 expressa
1921 2444 2253 2498 concessione

326 2544 701 2610 administret,
739 2565 766 2597 »
805 2543 858 2599 si
894 2541 991 2617 qui
1021 2542 1252 2599 directae
1285 2542 1574 2618 potestatis
1621 2548 2062 2619 propugnatores
2108 2543 2254 2601 dixe-

327 2641 461 2713 rint,
500 2648 553 2697 at
599 2643 887 2717 perpauci,
919 2642 977 2697 ni
1026 2642 1208 2698 fallor.
1259 2642 1583 2700 Communis
1628 2642 1771 2698 mihi
1816 2643 1998 2717 potius
2032 2642 2254 2700 videtur

328 2761 524 2800 corum
575 2741 824 2798 doctrina
851 2786 863 2807 ,
934 2742 1001 2797 de
1052 2741 1317 2798 attributa
1386 2741 1737 2816 principibus
1793 2744 2099 2799 immediata
2158 2763 2253 2799 su·
2322 2783 2333 2822 J

326 2860 533 2917 premae
574 2840 861 2916 potestatis
911 2839 1092 2897 civilis
1136 2842 1464 2914 executione,
1522 2842 1584 2897 ab
1631 2844 1854 2915 ipsomet
1903 2842 2109 2899 Christo
2149 2843 2252 2898 Do·
2325 2822 2340 2867 '¹

329 2944 490 2996 mino.
533 2941 741 2997 Docent
783 2959 985 3014 nempe
1034 2939 1276 2997 voluisse
1319 2939 1633 3010 Christum,
1681 2946 1742 2996 ut
1790 2959 2114 3014 supremam
2159 2961 2254 3017 po-

329 3044 585 3094 testatem
645 3040 1011 3114 temporalem
1038 3084 1051 3108 ,
1107 3058 1274 3114 quam
1334 3058 1435 3095 suo
1492 3039 1551 3094 in
1607 3039 1776 3096 terris
1825 3039 2030 3097 vicario
2085 3041 2256 3097 simul
2323 3067 2325 3073 ¹

331 3157 462 3195 cum
493 3138 774 3213 spirituali
807 3139 1063 3207 contulit,
1118 3140 1166 3195 is
1204 3157 1306 3215 per
1344 3158 1402 3195 se
1445 3139 1730 3196 ordinarie
1774 3159 1886 3196 non
1941 3146 2252 3209 exerceret;

334 3237 429 3293 sed
451 3235 832 3293 immediatam
862 3238 984 3311 ejus
1014 3237 1560 3313 administrationem
1589 3238 1814 3311 regibus
1840 3239 2078 3313 aliisque
2108 3239 2258 3314 prin-
2330 3283 2336 3286 .

333 3336 555 3412 cipibus
608 3335 977 3410 relinqueret.
1027 3336 1102 3393 Ne
1153 3322 1365 3392 scilicet
1426 3355 1454 3391 a
1505 3335 1803 3412 principali
1850 3338 2119 3396 missione
2160 3356 2259 3395 sua

333 3440 700 3493 averteretur.
747 3435 849 3490 Pro
879 3453 990 3508 quo
1024 3435 1305 3491 adducere
1338 3435 1516 3491 solent
1535 3434 1751 3492 dictum
1782 3437 2027 3512 Apostoli
2058 3461 2067 3492 :
2094 3437 2255 3496 Nemo
2330 3455 2333 3459 ·

335 3537 568 3594 militans
618 3536 725 3592 Deo
779 3534 1017 3609 implicat
1065 3555 1122 3592 se
1172 3537 1395 3610 neqotiis
1439 3537 1813 3594 saecularibus·
1860 3538 2014 3596 Unde
2060 3536 2255 3613 nequit

388 3682 401 3708 ¹
427 3682 475 3723 In
497 3682 720 3724 Bcatorum
748 3680 894 3722 album
920 3681 1081 3722 relatus
1110 3686 1174 3722 est
1221 3681 1484 3733 Augustinus
1508 3682 1784 3734 Triumphus,
1813 3682 1887 3737 qui
1919 3690 1961 3725 et
1991 3682 2250 3737 Augustinus
2331 3723 2335 3725 ,

333 3751 384 3792 de
412 3750 580 3792 Ancona
595 3751 841 3804 frequenter
864 3753 1055 3790 vocatur.
1449 3755 1474 3759 ’·
