2340 3990
803 261 933 309 PARS
962 258 1179 312 OCTAVA.
1599 265 1610 270 ‘
1847 253 1937 299 565

85 367 407 425 »Ῥιιοιόειτιο
426 367 553 423 ΧΙΡ.
577 367 742 424 —Ad
761 370 1019 442 efficacem
1045 365 1295 420 abusumn
1326 377 1387 416 ac
1408 360 1650 415 vitiorum
1679 357 1935 429 reforma-

63 463 272 526 n'onem‚
314 480 417 518 non
461 469 660 518 tantum
700 462 846 527 utile,
888 461 980 518 sed
1017 460 1195 514 stricte
1235 456 1579 512 necessarium
1615 471 1725 509 esse
1759 459 1936 526 potest

57 561 325 620 concilium
349 562 728 616 oecttmenicum.
747 558 1252 632 —SupponamuS,
1289 551 1441 610 verbi
1471 550 1665 624 gratia,
1706 549 1764 605 in
1791 549 1936 623 ejus-

54 657 206 716 modi
233 657 440 713 abusus
465 660 519 713 et
542 656 671 712 vitia
698 656 847 730 ipsos
872 655 1039 711 etiam
1068 654 1375 708 multarum
1404 650 1695 722 regionum
1718 646 1937 721 Episco-

52 772 151 830 pos
193 761 246 811 et
286 754 512 811 clericos
555 753 810 828 abreptos
843 752 1035 820 fuisse,
1083 749 1245 826 proult
1270 747 1576 820 contigerat
1601 746 1704 802 sub
1747 749 1938 801 sancto

53 846 314 921 Gregorio
349 848 604 922 septime.
635 848 712 904 Ob
748 848 1071 904 inveteratas
1107 863 1303 920 pravas
1339 842 1790 910 consuetudineS,
1827 858 1938 896 non

53 947 324 1015 repugnat
347 942 420 997 ita
457 940 803 1016 comparatos
840 943 1072 999 existere
1097 959 1295 1014 magna
1330 958 1394 997 ex
1428 945 1584 1014 parte
1608 939 1844 1007 anim08‚
1875 942 1939 993 ut

51 1035 99 1095 si
140 1037 290 1093 solus
324 1038 466 1111 Papa
500 1038 954 1096 reformationem
993 1040 1272 1103 decernat,
1317 1037 1420 1093 etsi
1460 1037 1566 1092 suh
1601 1036 1779 1109 poenis
1814 1052 1937 1108 gra-

50 1133 320 1200 vissimis,
362 1153 472 1191 non
499 1136 894 1208 obsequantur3
940 1132 1028 1188 sin
1067 1139 1251 1188 autem
1288 1133 1603 1187 celebretur
1638 1129 1935 1186 concilium

55 1230 460 1286 oecumenicum
498 1231 555 1285 in
601 1248 709 1302 quo
747 1227 995 1303 Episcopi
1037 1227 1487 1285 reformationem
1528 1225 1851 1298 promittant
1884 1231 1938 1281 et

53 1345 179 1384 cum
215 1329 348 1402 Papa
379 1331 698 1400 decernant,
736 1334 922 1401 postea
956 1328 1020 1381 de
1048 1327 1187 1381 sacto
1224 1343 1346 1380 eam
1389 1325 1447 1378 in
1485 1325 1600 1379 suis
1633 1323 1937 1396 respective

53 1425 378 1480 dioecesibus
400 1430 764 1496 exequantur.
804 1423 1015 1488 Quibus
1047 1423 1324 1478 stantibus
1358 1421 1813 1490 circumstantiis,
1843 1438 1936 1476 ne-

56 1520 353 1575 cessarium
375 1538 503 1575 cum
522 1520 749 1575 veritate
773 1519 882 1576 dici
903 1519 1110 1593 poterit
1134 1500 1455 1586 concilium,
1485 1519 1551 1572 ad
1578 1518 1933 1574 obtinendam

0 1687 1 1690 Ἰ
51 1617 359 1689 generalem
389 1616 661 1688 ejusmodi
690 1616 1160 1673 reformationem.

127 1713 406 1767 Pnorosmo
432 1713 584 1769 xl11³.
605 1747 676 1755 —
695 1715 835 1770 Licet
871 1716 1145 1770 concilium
1175 1716 1533 1770 oecumenicum
1559 1716 1736 1768 stricte
1767 1731 1937 1768 neees-

51 1812 244 1866 sariam
288 1829 398 1866 esse
436 1815 602 1883 possit
641 1814 708 1868 acl
745 1813 961 1885 effectus
988 1816 1036 1867 in
1065 1815 1227 1868 tribus
1267 1813 1461 1866 ultimis
1498 1812 1936 1884 propositionibus

53 1917 397 1974 ωιτιηιενατοε,
443 1929 565 1965 vera
604 1912 758 1966 sinml
795 1920 1028 1966 remanet
1073 1913 1352 1966 communis
1384 1909 1778 1965 Bellarmini‘et
1814 1886 1939 1964 afio-

0 2043 1 2052 η
51 2023 163 2061 rum
194 2008 560 2062 calliolieormn
585 2012 899 2081 scriptorum
928 2010 1185 2073 doctrina,
1212 2011 1451 2062 rnimirum
1482 2008 1696 2062 concilia
1729 2025 1940 2062 oscume-

4 2138 5 2142 =
53 2103 166 2156 nica
207 2120 309 2157 non
345 2122 455 2158 esse
490 2105 722 2159 absolute
756 2108 1069 2160 necessaria.
1103 2138 1173 2145 —
1211 2105 1343 2159 Nam
1383 2104 1509 2159 dicti
1555 2104 1784 2159 etscctus
1828 2122 1939 2159 non
2019 2100 2022 2104 ’

49 2204 174 2255 sunt
215 2200 437 2273 ipsimet
486 2202 736 2258 absolute
773 2202 1069 2258 necessaiii
1119 2202 1183 2257 ad
1227 2203 1327 2257 hoc
1367 2208 1425 2256 ut
1465 2203 1703 2257 Ecclesia
1739 2202 1937 2258 Christi

49 2295 311 2351 subsistat
349 2303 401 2351 et
439 2297 604 2353 finem
641 2299 746 2355 sibi
786 2300 1078 2373 proprium
1118 2309 1509 2373 consequatur.
1541 2300 1701 2355 Verbi
1738 2301 1934 2371 gratia,

45 2393 190 2464 quod
231 2393 471 2465 alicujus
511 2395 751 2466 regionis
797 2397 1043 2453 haeretici
1080 2398 1164 2452 vel
1203 2397 1543 2453 schismatici
1585 2399 1650 2452 de
1686 2399 1826 2454 sacto
1869 2398 1935 2454 ad

0 2535 1 2538 ,
45 2487 231 2544 sinum
271 2489 523 2546 Ecclesiae
559 2491 918 2565 reducantur,
966 2500 1048 2550 est
1085 2495 1308 2567 quidem
1353 2513 1708 2567 summopere
1746 2502 1935 2569 optan-

0 2622 1 2626 η
45 2582 202 2649 dum3
236 2585 330 2641 sed
370 2593 551 2642 tamen
590 2589 636 2643 si
676 2598 1023 2662 perseverent
1059 2599 1211 2646 extra
1247 2592 1548 2649 Ecclesiam
1582 2612 1930 2667 permanere,

43 2697 153 2736 non
180 2681 302 2737 ideo
330 2684 570 2741 Ecclesia
604 2686 749 2742 diem
778 2694 1082 2744 extremum
1126 2690 1320 2745 obibit.
1364 2692 1514 2747 Idem
1554 2692 1642 2747 dic
1681 2693 1749 2748 de
1785 2710 1934 2747 erro-

43 2776 198 2832 ribus
224 2777 281 2832 in
309 2781 679 2852 propositione
703 2784 1019 2850 undecima,
1045 2790 1097 2840 et
1123 2785 1189 2840 de
1218 2786 1487 2841 abusibus
1523 2787 1578 2841 in
1605 2787 1932 2842 duodecima

44 2875 386 2929 memoratis
425 2875 599 2948 Igitur
639 2877 809 2933 simul
844 2896 1034 2934 verum
1077 2885 1159 2934 est
1191 2881 1491 2935 concilium
1532 2884 1932 2939 oecumenicum

44 2982 163 3024 esse
207 2988 369 3043 posse
410 2972 476 3026 ad
520 2991 684 3047 supra
721 2974 898 3031 dictos
938 2975 1164 3032 effectus
1208 2979 1441 3033 absolute
1483 2983 1845 3048 necessarium,
1882 2989 1933 3038 et

43 3077 389 3137 nequaquam
419 3085 539 3123 csse
576 3070 809 3126 absolute
842 3075 1190 3128 necessarium
1217 3073 1410 3130 adhoc
1432 3082 1494 3130 ut
1526 3077 1763 3134 Ecclesia
1803 3079 1932 3134 sub-

44 3156 200 3215 sistat
236 3167 289 3216 et
326 3170 652 3237 assequatur
689 3167 853 3223 linem
899 3167 1006 3223 sibi
1044 3170 1358 3243 proprium,
1397 3172 1451 3228 id
1492 3179 1595 3241 est,
1642 3176 1932 3248 praedeter-

44 3254 317 3313 minatum
345 3277 374 3313 a
401 3261 504 3315 Deo
526 3261 829 3320 electorum
861 3284 1162 3322 numerum
1192 3270 1489 3342 parturiat,
1520 3273 1646 3343 alat,
1678 3280 1843 3346 atque
1863 3274 1927 3328 ad

43 3352 244 3408 coelum
287 3356 555 3411 traducat.
1975 3365 1977 3367 ’

117 3450 392 3506 Paorosmo
423 3452 568 3509 XIV³.
591 3486 658 3495 —
679 3458 883 3514 Absone
914 3478 946 3514 a
981 3461 1223 3533 yallicani
1254 3467 1550 3536 systematis
1575 3476 1929 3539 propuqnato-

0 3605 1 3622 ἢ
43 3547 182 3602 ribus
223 3551 529 3622 objiciuntur
552 3561 761 3625 patrum
791 3564 981 3623 textu&
1012 3561 1100 3631 qui
1134 3563 1467 3618 conciliorum
1504 3568 1926 3622 oecumenicorum
