2352 4126
294 343 356 387 42
965 331 1266 404 TRAcTATus
1296 330 1364 377 DE
1393 331 1543 379 PAPA.

295 449 469 504 -Ad
498 446 808 505 secundum
830 448 911 500 est
941 439 1262 506 dicendum,
1294 441 1442 514 quod
1474 441 1619 515 Papa
1653 445 1707 498 et
1736 441 1832 497 alii
1857 442 2074 501 Praelati
2099 462 2211 502 non

295 548 499 606 debent
527 566 585 604 se
611 545 934 602 immiscere
963 540 1023 596 in
1051 544 1232 596 morte
1271 540 1519 597 hominis
1547 559 1648 616 per
1680 539 2060 600 immediatam
2087 562 2212 601 exe-

294 648 610 717 cutionem,
652 649 715 700 ut
774 639 1000 716 propria
1047 657 1219 695 manu
1262 647 1514 716 pugnent
1561 646 1614 698 et
1666 641 2037 712 interficiant,
2081 645 2213 720 quia

295 765 450 802 arma
475 761 670 802 eorum
697 739 916 795 militiae
956 737 1344 813 principaliter
1379 744 1512 796 sunt
1550 739 1887 814 spiritualia,
1937 758 2051 796 non
2090 759 2213 798 car-

295 845 462 900 nalia.
494 841 597 897 Sed
631 838 916 895 mediante
944 843 1214 913 potestate
1241 839 1499 896 saeculari
1541 844 1778 914 possunt
1815 846 1868 895 et
1905 839 2108 896 debent
2145 841 2215 899 de

293 939 548 1018 tyrannis
589 944 642 994 et
683 914 1049 993 turbantibus
1093 955 1282 1012 pacem
1326 937 1582 995 Ecclesiae
1614 938 1891 1012 justitiam
1934 956 2208 996 exercere.

291 1038 435 1095 Dicit
478 1037 628 1094 enim
668 1037 1037 1110 AugustinuS‚
1085 1037 1143 1092 in
1186 1037 1417 1112 epistola
1449 1037 1522 1094 'ad
1562 1038 1911 1095 Vincentium
1946 1058 1957 1090 :
1999 1038 2061 1094 In
2114 1039 2211 1094 tali

291 1138 559 1214 primitus
589 1138 866 1194 sententia
893 1156 1068 1208 eram,
1115 1137 1396 1195 neminem
1442 1139 1510 1194 ad
1550 1138 1825 1195 unitatem
1853 1138 2056 1194 Christi
2093 1155 2217 1195 esse

294 1237 628 1311 cogendum.
669 1236 848 1292 Verbo
887 1255 1012 1293 esse
1049 1237 1347 1311 agendum,
1393 1236 1774 1312 disputatione
1818 1236 2212 1313 pugnandum,

293 1337 513 1393 ratione
540 1336 896 1405 vincendum;
925 1355 997 1394 ne
1026 1337 1182 1394 fictos
1211 1337 1514 1394 catholicos
1540 1337 1803 1394 haberem
1831 1355 1972 1411 quos
1990 1342 2214 1412 apertos

290 1435 584 1492 haereticos
623 1454 908 1493 noveram.
952 1436 1057 1492 Sed
1096 1438 1212 1492 haec
1250 1437 1438 1511 opinio
1483 1455 1627 1504 mea,
1677 1455 1788 1493 non
1831 1435 2217 1492 contradicen-

289 1537 434 1593 tium
491 1542 733 1604 tantum‚
795 1537 891 1592 sed
933 1536 1440 1593 demonstrantium
1491 1538 1862 1613 superabatur
1917 1535 2210 1611 exempliS.

287 1639 425 1694 Nam
464 1638 882 1713 proponebatur
920 1637 1061 1693 mihi
1103 1637 1294 1694 civitas
1324 1657 1469 1705 mea,
1509 1657 1631 1713 quae
1662 1658 1791 1695 cum
1823 1643 1935 1695 tota
1969 1644 2118 1694 esset
2153 1637 2212 1691 in

288 1744 559 1814 potestate
584 1738 804 1808 Donati,
839 1739 907 1794 ad
939 1737 1215 1794 unitatem
1242 1739 1575 1795 catholicam
1604 1739 1793 1811 legum
1827 1737 2211 1812 imperialium

295 1839 491 1896 timore
530 1856 795 1895 conversa
837 1844 941 1895 est.
993 1837 1167 1902 Quam
1209 1856 1364 1894 nunc
1392 1839 1650 1895 videmus
1692 1838 1766 1892 ita
1808 1837 1964 1892 illius
1997 1836 2214 1893 animo-

292 1937 472 1993 sitatis
515 1937 824 2012 perniciem
882 1936 1172 2002 detestari,
1217 1942 1280 1992 ut
1325 1936 1384 1990 in
1426 1953 1487 1991 ea
1542 1953 1836 2008 nunquam
1878 1935 2050 1992 fuisse
2097 1953 2215 1990 cre-

292 2035 473 2091 datur.
501 2057 526 2088 »

363 2136 686 2209 Eoecerptum
717 2152 782 2191 aa:
820 2133 1044 2190 articulo
1082 2136 1115 2190 4
1145 2137 1442 2207 quaestionis
1472 2154 1636 2189 xxxv1.
1669 2166 1738 2173 —
1768 2156 1793 2185 «
1816 2133 2012 2189 Utrum
2035 2132 2210 2207 impe-

287 2240 439 2291 rator
470 2235 528 2289 in
557 2234 808 2290 dominio
838 2233 1236 2307 temporalium
1266 2233 1336 2289 sit
1365 2234 1544 2306 major
1568 2231 1916 2306 Papa.——Ad
1944 2236 2209 2305 quartum

287 2335 369 2390 sic
401 2333 756 2408 proceditur:
793 2331 1015 2387 videtur
1042 2331 1194 2386 enim
1234 2330 1380 2403 quod
1413 2329 1722 2402 imperator
1762 2330 1832 2386 sit
1860 2330 2039 2404 major
2068 2330 2208 2405 Papa

288 2435 346 2489 in
377 2433 627 2489 dominio
657 2430 1075 2505 temporalium.
1107 2429 1245 2485 Dicit
1280 2430 1432 2486 enim
1470 2429 1732 2486 Nicolaus
1762 2431 1924 2505 Papa,
1965 2435 2019 2487 et
2056 2431 2212 2506 poni-

288 2538 380 2587 tur
405 2531 550 2586 XCVI
577 2530 704 2585 dist.
736 2548 859 2585 can.
892 2529 1018 2586 Cum
1057 2530 1124 2584 ad
1157 2547 1372 2584 verum:
1414 2529 1560 2602 quod
1588 2530 1735 2585 ultra
1771 2547 1873 2585 nec
1902 2529 2210 2604 imperator

293 2629 397 2686 sibi
417 2630 544 2703 jura
567 2628 920 2684 Pontificatus
951 2627 1202 2702 arripiat,
1231 2646 1331 2684 nec
1361 2627 1613 2684 Pontifex
1636 2629 1766 2702 jura
1798 2628 2206 2702 imperatorum

292 2734 547 2801 usurpet.
597 2727 870 2792 Quoniam
916 2727 1064 2782 idem
1117 2726 1390 2782 mediator
1446 2726 1537 2782 Dei
1591 2732 1646 2782 et
1689 2727 1986 2782 hominum
2041 2727 2209 2782 homo

292 2828 543 2885 Christus
575 2828 736 2885 ‚Iesus
772 2827 992 2883 actibus
1028 2826 1271 2902 propriis
1298 2833 1352 2883 et
1378 2826 1745 2899 dignitatibus
1775 2827 2055 2884 distinctis
2091 2826 2211 2883 offi-

288 2927 371 2983 cia
400 2927 691 3002 potestatis
722 2926 1021 3000 utriusque
1042 2925 1327 2983 discrevit.
1355 2925 1457 2981 Sed
1479 2925 1526 2981 si
1552 2926 1693 3001 Papa
1717 2926 2000 2983 diceretur
2031 2926 2211 3000 major

286 3028 624 3102 imperatore
656 3026 714 3081 in
743 3026 1173 3100 temporalibus,
1203 3032 1507 3101 usurparet
1529 3027 1623 3100 jus
1649 3026 1795 3100 ejus.
1815 3026 1955 3099 Ergo
1981 3043 2083 3081 nec
2115 3026 2209 3080 de-

282 3126 376 3182 bet
406 3125 517 3182 dici
555 3125 734 3199 major
762 3125 884 3200 ipso
915 3125 974 3180 in
1001 3126 1098 3181 tali
1130 3125 1779 3182 dominia—Praeterea
1815 3125 2208 3198 juramentum

282 3224 563 3281 fidelitatis
590 3228 891 3298 praestatur
935 3223 1076 3298 ipsis
1109 3224 1334 3297 regibus
1362 3229 1416 3281 et
1446 3222 1883 3298 imperatoribus
1908 3240 2037 3278 cum
2068 3221 2210 3278 acci-

284 3322 445 3398 piunt
480 3319 1029 3376 administrationem
1070 3321 1489 3395 temporalium.
1530 3320 1648 3375 Non
1680 3324 1872 3375 autem
1920 3316 2030 3372 tale
2054 3315 2209 3390 jura-

287 3424 542 3476 mentum
575 3423 877 3493 praestatur
897 3419 1073 3494 Papae.
1100 3420 1239 3492 Ergo
1266 3419 1324 3474 in
1352 3418 1600 3475 dominio
1631 3416 2031 3492 temporalium
2065 3414 2205 3488 Papa

288 3537 400 3576 non
443 3524 526 3575 est
561 3519 741 3591 maJ‘or
777 3517 1115 3593 imperatore
1146 3519 1234 3575 vel
1269 3537 1629 3593 quocumque
1662 3518 1826 3592 Rege.
1848 3516 2207 3571 ——l'raeterea

288 3617 489 3674 Beatus
507 3616 836 3673 Ambrosius
860 3616 995 3673 dicit
1029 3616 1103 3690 (ct
1127 3616 1356 3691 ponitur
1370 3617 1545 3682 XXIII,
1574 3635 1627 3689 q.
1651 3636 1751 3688 vm,
1781 3635 1830 3672 c.
1853 3610 2163 3682 Convenior)
2190 3631 2201 3663 :

292 3716 602 3770 meomtn
639 3734 975 3771 narrationum
1008 3722 1159 3790 suntj
1198 3715 1267 3770 acl
1310 3717 1640 3789 imperatoris
1682 3715 1884 3788 palat-ia
1919 3712 2203 3787 pertinent.
