2340 4062
852 286 981 333 PARS
1008 284 1235 338 QUARTA.
1925 283 1986 332 83

109 419 392 476 nunquam
427 399 747 472 contingere
773 394 970 471 possit,
1009 411 1110 450 nec
1147 393 1460 468 contingere
1495 397 1675 468 potest
1709 390 1986 466 ejusmodi

110 500 421 556 communis
445 498 732 554 doctorum
757 490 1159 549 catholicorum
1189 508 1367 547 error.

183 597 265 652 IV.
294 596 445 652 Certa
488 595 657 668 igitur
678 589 929 648 Ecclesiae
960 595 1195 665 potestas
1236 590 1293 646 in
1331 607 1450 646 rem
1489 586 1853 662 temporalem
1886 585 1992 642 Re-

111 711 265 767 gum,
308 694 354 749 si
397 696 638 748 constet:
676 688 747 754 1⁰,
775 686 1099 743 unanimem
1134 687 1308 743 fuisse
1355 688 1643 744 doctorum
1677 684 1880 741 scholae
1915 681 1986 740 de

111 790 382 864 ejusmodi
421 791 683 863 potestate
723 784 1083 849 sententiam;
1117 783 1172 838 2⁰
1208 783 1265 839 id
1295 801 1389 839 eos
1431 800 1829 858 propugnasse,
1870 798 1987 838 non

116 896 174 944 ut
206 886 513 960 opinionem
539 884 843 949 dumtaxat,
881 882 977 938 sed
1010 885 1275 954 tanquam
1313 886 1520 936 certam
1558 888 1610 936 et
1641 878 1868 936 omni'no
1909 883 1991 935 te-

115 985 350 1041 nendam
375 982 710 1046 doctrinam;
739 981 795 1036 5⁰
820 979 1030 1036 versari
1071 978 1378 1035 doctrinam
1418 978 1570 1033 illam
1603 978 1752 1033 circa
1791 977 1989 1051 dogma

115 1090 167 1139 et
205 1099 398 1138 mores,
446 1080 606 1135 Porro
649 1078 757 1134 duo
792 1077 976 1152 priora
1026 1094 1091 1133 ex
1133 1075 1387 1131 adductis
1426 1092 1592 1148 supra
1635 1073 1985 1130 documentis

114 1180 271 1255 plene
294 1183 560 1235 constant.
589 1177 651 1232 Et
667 1175 814 1250 quod
841 1174 1070 1249 quaestio
1089 1174 1154 1229 de
1171 1179 1442 1247 potestate
1464 1171 1720 1228 Ecclesiae
1751 1172 1810 1226 in
1841 1176 1980 1226 tem-

113 1275 315 1350 poralia
339 1275 568 1347 Regum,
596 1278 845 1330 versetur
870 1273 1018 1328 circa
1046 1271 1242 1345 dogma
1269 1277 1323 1327 et
1346 1287 1550 1335 mores,
1593 1287 1693 1343 per
1720 1286 1779 1324 se
1810 1271 1991 1342 patet.

187 1371 396 1444 objicies
422 1372 498 1427 1⁰.
531 1403 600 1411 —
620 1371 663 1426 Α
685 1370 885 1426 saeculo
912 1370 1107 1425 saltem
1132 1368 1348 1424 decimo
1378 1367 1612 1442 septimo
1656 1365 1821 1422 desiit
1847 1381 1984 1420 una·

112 1466 276 1522 nimis
302 1484 422 1522 esse
447 1466 590 1521 dicta
615 1466 900 1522 doctorum
926 1464 1128 1520 scholae
1149 1463 1438 1528 sententia3
1471 1463 1517 1519 si
1545 1461 1771 1536 quidem
1795 1459 1982 1535 opinio

115 1564 381 1620 contraria
400 1564 563 1637 coepit
591 1582 620 1618 a
653 1563 843 1618 multis
869 1563 926 1617 in
943 1561 1115 1617 Gallia
1141 1561 1498 1635 propugnari.
1527 1561 1665 1633 Ergo
1683 1559 1797 1614 vim
1826 1575 1991 1614 suam

118 1660 299 1715 amisit
323 1666 710 1732 argumentum
745 1659 917 1728 istud,
944 1658 1011 1714 ab
1044 1658 1298 1713 unanimi
1327 1658 1619 1713 doctorum
1649 1656 1850 1712 scholae
1877 1673 1998 1712 sen-

118 1759 286 1813 tentia
312 1757 717 1831 depromptum.

195 1854 513 1926 Respondeo.
540 1886 610 1894 —
642 1853 795 1916 Quod
822 1853 992 1908 semel
1022 1854 1267 1925 rigorose
1298 1871 1490 1908 verum
1528 1853 1823 1926 probatum
1862 1851 1990 1916 fuit,

120 1939 402 2022 nunq'uarn
441 1957 638 2023 potest,
681 1950 749 2005 ob
790 1951 1113 2006 subsecutos
1150 1951 1585 2028 impugnatore&
1627 1949 1835 2004 falsum
1873 1965 1992 2003 eva-

117 2045 263 2100 dere.
311 2044 475 2099 Porro
517 2044 796 2100 unanimis
836 2045 1123 2099 doctorum
1157 2044 1358 2099 scholae
1397 2042 1697 2099 auctoritas
1739 2043 1990 2116 rigorose

115 2147 319 2197 certam
352 2141 599 2214 probavit
635 2141 836 2196 dictam
876 2142 1129 2197 Ecclesiae
1163 2147 1509 2215 potestatem,
1553 2160 1680 2197 cum
1719 2148 1993 2215 repugnet

116 2235 300 2308 aliquo
339 2242 579 2308 tempore
617 2235 734 2289 dari
772 2236 939 2290 talem
974 2235 1399 2290 unanimitatem
1435 2237 1492 2289 in
1527 2236 1871 2291 admittendo
1914 2254 1999 2292 er·

116 2349 238 2388 rore
268 2333 409 2388 circa
437 2334 632 2405 dogma
659 2333 744 2389 vel
777 2350 980 2388 mores.
1013 2332 1187 2405 Igitur
1215 2331 1510 2388 subsecuta
1540 2332 1597 2386 in
1633 2332 1822 2388 Galliis
1855 2334 1999 2388 mul-

116 2435 297 2485 torum
333 2431 603 2487 contraria
636 2430 841 2504 opinio,
874 2430 1077 2486 evincit
1109 2430 1394 2485 dumtaxat
1429 2448 1521 2485 eos
1556 2447 1792 2486 errasse.
1831 2431 1998 2486 Caete-

117 2543 240 2582 rum
267 2545 428 2600 supra
463 2530 638 2601 (parte
662 2528 922 2593 secunda,
955 2527 1198 2584 sectione
1221 2528 1478 2599 secunda)
1502 2528 1617 2601 jam
1645 2528 1993 2584 ostendimus

120 2641 283 2696 quam
309 2624 460 2698 parvi
495 2624 739 2681 facienda
765 2625 834 2682 sit
865 2626 977 2682 haec
1003 2643 1141 2681 nova
1166 2626 1474 2681 multorum
1507 2626 1842 2682 Gallicorum
1876 2626 1993 2700 opi-

118 2721 231 2789 ni0‚
262 2722 330 2776 ob
353 2721 790 2779 circumstantias
817 2741 940 2796 quae
975 2723 1105 2779 huic
1131 2723 1308 2779 errori
1336 2730 1521 2778 ortum
1548 2723 1836 2779 dederunt.

196 2819 406 2890 Objicies
445 2820 520 2875 2⁰.
552 2853 619 2861 —
655 2821 904 2876 Forsitan
941 2822 1224 2878 unanimis
1265 2822 1563 2896 aliquando
1603 2824 1792 2879 evadet
1832 2822 1995 2878 Galli-

119 2932 251 2972 cana
275 2916 367 2971 illa
400 2917 665 2986 doctrina,
690 2935 796 2990 qua
821 2920 1000 2975 omnis
1038 2937 1269 2993 prorsus
1298 2920 1554 2976 Ecclesiae
1574 2921 1877 2994 denegatur
1900 2939 1996 2994 po-

120 3017 279 3069 testas
305 3013 362 3067 in
387 3032 506 3070 rem
531 3015 889 3087 temporalem
910 3015 1146 3088 Regum.

196 3110 516 3183 RespondeO.
536 3111 770 3185 —Nego
794 3113 1162 3187 hypothesim,
1189 3119 1378 3186 utpote
1409 3114 1831 3188 impossibilem.
1859 3116 1996 3171 Cum

125 3219 337 3278 nempe,
365 3223 428 3262 ex
459 3208 722 3280 probatis,
757 3226 986 3265 erronea
1012 3227 1132 3265 esse
1157 3215 1395 3282 nequeat
1427 3211 1572 3267 dicta
1615 3211 1995 3284 theologorum

125 3302 475 3374 unanimitaS,
508 3313 775 3378 repugnat
806 3307 923 3363 dari
958 3325 1120 3382 posse
1147 3308 1312 3365 variis
1338 3310 1680 3383 temporibus
1723 3308 1995 3365 contradi-

125 3395 355 3451 ctoriam
378 3399 639 3469 ejusmodi
664 3402 1108 3459 unanimitatem.
1134 3405 1306 3478 Igitur
1327 3406 1459 3462 huic
1487 3407 1774 3461 doctorum
1798 3402 1993 3459 scholae

125 3493 473 3550 unanimitati
514 3514 792 3571 nunquam
835 3502 1126 3558 succedere
1161 3508 1368 3576 postest
1405 3502 1738 3559 unanimitas
1770 3501 1828 3554 in
1864 3515 1994 3554 con·

122 3591 372 3649 trarium.
