2352 4126
257 343 318 389 22
927 338 1220 387 TRACTATUS
1251 337 1318 383 DE
1347 336 1498 383 PAPA.

257 465 383 505 esse
413 448 815 504 ecclesiasticum
838 452 892 503 et
918 447 989 502 ad
1017 442 1469 517 jurisdictionem
1490 442 1750 500 Ecclesiae
1778 447 2086 520 pertinens
2105 482 2172 491 —

263 545 322 602 2⁰
340 545 540 620 Objicit
564 545 891 603 Bossuetius
916 543 1228 615 Hugonem‚
1249 541 1320 599 ad
1337 542 1745 600 adstruendum
1765 543 1859 617 jus
1884 547 2174 617 potestatis

258 646 572 722 spiritualis
614 642 949 701 instituendi
989 646 1043 698 et
1081 641 1374 716 judicandi
1416 647 1724 714 terrenam,
1768 660 2060 701 recurrere
2107 646 2176 702 ad

254 745 572 819 exemplum
615 740 891 798 Samuelis
939 741 1207 798 unctione
1253 760 1411 799 sacra
1455 741 1678 798 Saulem
1720 742 1925 816 Regem
1971 745 2177 801 consti-

262 842 495 912 tuentiS,
536 857 660 914 quae
701 839 975 896 Samuelis
1016 844 1263 913 potestas
1295 839 1740 897 extraordinaria
1777 841 1903 897 fuit.
1950 842 2027 897 Ex
2069 861 2176 916 quo

260 938 604 1015 persuadere
651 942 829 994 tentat
870 939 1210 1010 BossuetiuS,
1243 944 1491 995 mentem
1531 939 1775 1012 Ilugonis
1819 958 1936 996 non
1977 940 2173 1011 fuisse,

255 1037 405 1111 quod
441 1037 571 1112 jure
601 1037 888 1093 ordinario
916 1038 1177 1094 Ecclesiae
1209 1044 1487 1112 competat
1528 1045 1811 1096 terrenam
1849 1046 2179 1115 potestatem

259 1137 576 1208 instituere,
614 1142 667 1194 et
708 1137 964 1211 judicare
1002 1137 1048 1193 si
1090 1137 1235 1194 hona
1271 1157 1385 1195 non
1426 1138 1614 1195 suerit.
1644 1138 1906 1195 Miserum
1935 1157 2068 1196 sane
2095 1157 2181 1196 so-

259 1237 500 1312 phisma.
531 1235 665 1300 Quis
692 1236 844 1292 enim
871 1254 1072 1311 scopus
1098 1237 1345 1311 Hugonis
1372 1237 1431 1293 in
1464 1243 1579 1294 toto
1607 1238 1774 1294 citato
1816 1239 2028 1314 capite?
2060 1239 2180 1296 Non

259 1335 415 1392 aliud
448 1335 697 1409 profecto
736 1354 907 1409 quam
942 1335 1170 1393 edocere
1212 1355 1470 1411 quaenam
1510 1338 1788 1413 spirituali
1827 1339 2083 1413 potestati
2129 1344 2182 1396 et

259 1453 519 1509 quaenam
549 1440 787 1491 terrente
814 1434 1057 1491 subsint.
1088 1434 1146 1490 Id
1167 1435 1286 1510 ipse
1313 1437 1639 1494 Bossuetius
1663 1437 1828 1511 paulo
1856 1443 1986 1493 ante
2016 1437 2183 1493 adno-

258 1537 467 1588 taverat
506 1532 592 1588 his
625 1532 806 1589 verbis
835 1553 846 1586 z
885 1533 1103 1590 Summa
1130 1552 1250 1605 erqo
1289 1535 1540 1590 doctrinae
1570 1544 1648 1591 est
1681 1537 1858 1591 ambas
1891 1542 2184 1609 potestates

255 1634 462 1706 juribus
498 1635 786 1707 officiisque
810 1634 1079 1701 discretas,
1115 1640 1220 1691 etc.
1260 1635 1428 1690 Porro
1455 1653 1517 1691 ea
1544 1634 1927 1691 enumerando
1956 1653 2079 1709 quae
2113 1633 2183 1690 ad

265 1732 569 1788 Ecclesiam
610 1733 914 1807 pertinent,
953 1733 1112 1808 ponit
1135 1733 1292 1806 Hugo
1315 1738 1370 1789 et
1411 1734 1593 1790 istud:
1631 1739 1915 1790 terrenam
1942 1738 2185 1807 potesta-

262 1836 376 1887 tem
406 1831 723 1901 instituere,
753 1837 807 1888 et
843 1832 1099 1906 judicare
1126 1832 1173 1889 si
1215 1833 1363 1888 hona
1395 1850 1507 1887 non
1533 1832 1720 1888 fuerit.
1755 1832 1931 1904 Igitur
1960 1830 2185 1904 quando

260 1931 507 1987 recurrit
535 1931 604 1986 ad
639 1931 851 1987 factum
886 1932 1180 1998 SamueliS,
1214 1932 1447 2005 perinde
1476 1937 1562 1986 est
1605 1949 1668 1986 ac
1697 1931 1744 1986 si
1785 1931 2027 1987 diceret:
2062 1947 2186 2004 quae

259 2030 368 2085 fuit
393 2030 449 2084 in
478 2032 583 2086 hoc
610 2049 741 2086 casu
770 2031 1213 2087 extraordinario
1246 2036 1490 2105 potestas
1531 2031 1748 2103 antiqui
1776 2030 2091 2101 sacerdotii,
2123 2048 2186 2087 ea

259 2128 518 2185 Ecclesiae
552 2134 820 2204 tanquam
851 2129 1138 2186 ordinaria
1168 2135 1222 2186 et
1247 2130 1543 2204 proprium
1562 2130 1658 2203 jus
1683 2147 1713 2183 a
1737 2129 1955 2184 Christo
1982 2128 2187 2184 collata

263 2234 454 2284 est.—
474 2230 530 2284 5⁰
545 2229 839 2285 Contendit
864 2229 1183 2284 Bossuetius
1206 2229 1373 2285 verba
1395 2227 1663 2301 HugoniS‚
1686 2229 1739 2282 in
1756 2227 1990 2282 Ecclesia
2016 2228 2187 2283 adhuc

264 2330 607 2384 sacerdotalis
652 2330 880 2401 eliquitas
910 2337 1226 2403 potestatem
1262 2328 1489 2400 reqalem
1529 2335 1819 2398 consecrat,
1867 2336 1929 2382 et‘
1954 2329 2185 2400 sanctisi-

270 2445 394 2482 cans
424 2446 524 2500 per
551 2427 975 2492 benedictionem,
1012 2433 1061 2481 et
1093 2428 1331 2499 formans
1352 2444 1450 2499 per
1475 2427 1875 2494 institutionem,
1907 2424 2069 2481 aliter
2093 2443 2187 2482 ne—

264 2526 508 2584 cessario
539 2526 953 2601 interpretanda
993 2543 1140 2591 esse,
1170 2544 1361 2604 quam,
1386 2543 1448 2581 eo
1491 2543 1681 2595 sensti,
1723 2525 1870 2598 quod
1901 2543 2062 2599 reges
2103 2544 2188 2582 re-

263 2643 392 2681 vera
420 2643 580 2680 suam
604 2629 934 2698 potestatem
962 2624 1031 2680 ab
1056 2624 1342 2699 Episcopis
1364 2624 1822 2680 consecrantibus
1845 2624 2183 2699 reciperent3

264 2726 395 2800 quia
422 2743 625 2799 nempe
661 2724 709 2780 si
745 2725 899 2797 Hugo
944 2724 1020 2781 ita
1060 2724 1464 2798 intellexisset,
1507 2724 1710 2780 irrisus
1749 2723 1950 2780 fuisset
1991 2741 2022 2779 a
2058 2741 2186 2779 con-

265 2822 668 2898 temporaneiS,
712 2840 743 2877 a
770 2821 941 2877 Gallis
979 2821 1367 2896 potissimum.
1410 2822 1576 2878 Nutat
1618 2839 1679 2878 ea
1704 2821 1982 2877 Bossuetii
2020 2820 2187 2877 ratio-

267 2922 471 2980 cinatio
497 2923 741 2978 falsitate
778 2921 1030 2996 duplici:
1065 2921 1342 2989 videlicet,
1365 2905 1587 2996 'falsum
1625 2922 1832 2978 factum
1871 2921 2095 2994 allegat,
2134 2925 2189 2977 et

267 3040 332 3079 ex
363 3040 425 3078 eo
455 3022 654 3078 falsam
681 3019 907 3077 deducit
931 3020 1408 3093 consequentiam.

339 3120 520 3176 Primo
540 3120 743 3175 falsum
759 3101 1068 3175 estfactum
1088 3118 1414 3175 aBossuetio
1430 3123 1707 3175 assertum
1719 3163 1731 3185 ‚
1746 3116 2020 3186 videlicet,
2039 3116 2187 3188 quod

265 3220 363 3277 illo
398 3224 651 3294 tempore
695 3217 974 3292 generalis
1013 3216 1253 3291 viguerit
1290 3217 1602 3291 persuasiO,
1632 3233 1792 3290 reges
1855 3220 2187 3290 potestatem

268 3338 432 3377 suam
458 3338 572 3376 non
599 3319 848 3393 recipere
872 3335 974 3393 per
1003 3335 1228 3374 sacram·
1250 3317 1576 3374 unctionem
1608 3321 1662 3372 et
1680 3315 1939 3372 Ecclesiae
1962 3315 2187 3371 institu-

269 3420 500 3478 tionem.
545 3413 887 3477 Contrariam
922 3418 1200 3492 siquidem
1240 3417 1663 3493 persuasionem
1705 3417 2043 3474 documenta
2082 3421 2188 3472 tes-

270 3526 482 3579 tantur.
523 3519 806 3576 Nonnulla
849 3517 1205 3592 subjicimus.
1256 3517 1343 3573 Sic
1383 3517 1570 3574 Patres
1597 3516 1915 3574 duodecimi
1942 3513 2187 3571 Toletani

274 3616 498 3674 concilii
525 3617 838 3691 loquuntur
859 3616 927 3673 de
957 3632 1087 3688 rege
1106 3615 1349 3689 Ervigio,
1377 3615 1498 3672 loco
1515 3615 1737 3671 Vambae
1765 3616 1834 3672 ad
1857 3613 2067 3688 regiam
2095 3629 2188 3686 po-

275 3722 527 3776 testatem
558 3721 746 3776 evecto
772 3737 783 3771 :
817 3716 923 3774 Sub
950 3734 1052 3789 qua
1071 3723 1230 3789 parte
1253 3714 1332 3772 vel
1354 3716 1539 3772 ordine
1565 3717 1925 3772 serenissimus
1949 3712 2187 3784 Erviqins
