2352 4126
266 386 323 434 12
938 383 1236 433 TRACTATUS
1268 384 1330 430 DE
1363 384 1510 431 ΡΑΡΑ.

266 496 632 554 exerendum.
662 496 835 570 Igitur
860 495 985 551 luce
1011 491 1319 548 meridiana
1349 493 1556 549 clarius
1585 491 1775 549 docuit
1804 499 2029 552 sanctus
2055 495 2182 552 doc-

261 599 372 661 tor,
399 595 741 651 materialem
768 593 1036 668 gladium,
1066 589 1122 646 id
1141 597 1248 661 est,
1271 597 1600 666 potestatem
1627 591 1684 647 in
1703 593 2052 667 temporalia,
2080 595 2183 651 Ro-

268 709 433 747 mano
459 690 709 747 Pontifici
727 691 856 763 jure
878 688 1065 744 divino
1093 694 1427 763 competere.

346 790 483 858 Quid
501 792 570 846 acl
594 791 727 845 hunc
754 797 956 846 textum
970 787 1303 845 Bossuetius?
1323 823 1395 830 -—
1418 788 1575 854 Quod
1600 788 1726 844 luce
1749 787 2059 846 meridiana
2073 790 2182 846 cla-

267 890 386 945 rius
414 894 549 957 erat,
580 887 737 944 finxit
765 888 873 945 sibi
904 888 1207 944 obscurum
1230 887 1427 955 videri,
1460 897 1519 943 ut
1547 892 1762 944 tantam
1795 887 2179 945 auctoritatem

265 987 538 1043 eluderet.
569 987 649 1042 En
686 987 810 1061 ejus
843 986 1046 1060 effugia
1079 1008 1091 1041 ε
1123 985 1178 1042 1⁰
1204 986 1280 1042 Ex
1305 1004 1368 1043 eo
1403 986 1546 1061 quod
1578 986 1777 1044 dixerit
1804 992 2030 1044 sanctus
2058 985 2183 1043 Ber-

262 1084 472 1142 nardus
498 1085 748 1160 gladium
775 1085 1126 1142 materialem
1146 1086 1484 1142 exerendum
1506 1085 1780 1141 adnutum
1809 1084 2108 1142 sacerdotis
2130 1093 2183 1142 et

253 1185 406 1257 jussu
445 1184 822 1259 imperatoris,
860 1183 1149 1240 contendit
1187 1183 1437 1251 Bossuet‚
1483 1202 1581 1259 per
1626 1185 1974 1241 materialem
2018 1184 2179 1240 illum

262 1281 469 1336 summi
508 1281 790 1338 Pontificis
831 1282 1104 1356 gladium,
1149 1298 1264 1337 non
1299 1281 1466 1338 aliam
1502 1299 1530 1336 a
1556 1287 1747 1337 sancto
1766 1280 1990 1337 doctore
2017 1279 2180 1336 intel-

260 1380 462 1436 lectam
492 1380 665 1437 fuisse
691 1387 1046 1456 potestatem,
1075 1399 1245 1455 quam
1285 1379 1568 1455 principes
1603 1379 1864 1435 exorandi
1899 1397 1963 1435 ac
1989 1379 2183 1435 exhor-

258 1479 430 1545 tandi,
450 1485 512 1536 ut
541 1480 650 1555 ipsi
670 1481 772 1537 hoc
789 1481 873 1537 vel
899 1481 996 1537 illo
1023 1481 1188 1536 modo
1215 1499 1314 1536 suo
1342 1479 1526 1553 gladio
1555 1479 2176 1554 utantu1².Sed‚quae80‚

257 1577 535 1651 numquid
568 1582 808 1652 potestas
843 1577 1176 1634 exhortandi
1220 1575 1471 1634 vicinum
1520 1594 1708 1631 meum
1747 1582 1810 1632 ut
1857 1576 2023 1632 domo
2073 1593 2175 1631 sua

257 1676 355 1732 tali
403 1678 567 1733 modo
618 1683 833 1750 utatur,
880 1697 1128 1752 unquam
1182 1677 1347 1734 faciet
1392 1684 1455 1733 ut
1502 1677 1706 1732 domus
1749 1676 1868 1732 haec
1913 1694 2031 1731 mea
2073 1674 2180 1729 dici

253 1772 463 1847 possit?
489 1774 798 1849 Quinquies
827 1776 1067 1832 asseruit
1091 1776 1409 1832 Bernardus
1435 1775 1682 1848 gladium
1725 1772 2071 1829 materialem
2110 1772 2177 1827 ad

252 1871 568 1928 Romanum
618 1874 939 1931 Pontificem
982 1875 1283 1949 pertinere,
1330 1892 1393 1930 ac
1445 1891 1571 1929 vere
1627 1892 1779 1928 suum
1826 1888 1965 1928 esse.
2014 1871 2175 1928 Juxta

251 1970 522 2027 Bossuetii
549 1972 1093 2047 interpretationem,
1125 1973 1359 2029 dicendo
1401 1990 1526 2027 suus
1569 1965 1688 2027 era't
1722 1979 1771 2026 et
1803 1970 1911 2036 ille,
1966 1968 2175 2026 voluis-

252 2076 337 2126 set
378 2078 603 2127 sanctus
645 2072 963 2130 Bernardus
999 2073 1185 2130 dicere
1229 2092 1355 2128 suus
1395 2076 1500 2128 wion
1538 2079 1674 2140 erat,
1711 2071 1763 2125 id
1805 2077 1910 2134 est,
1949 2070 2175 2143 praecise

249 2170 622 2225 contrarium.
678 2170 757 2243 Si,
799 2178 962 2246 prout
1004 2171 1291 2228 contendit
1331 2171 1579 2238 Bossuet‚
1630 2167 1975 2224 materialem
2019 2167 2173 2241 Papae

248 2265 498 2337 gladium
525 2284 589 2322 eo
614 2266 898 2323 dumtaxat
923 2285 1093 2322 sensu
1119 2265 1393 2322 intellexit
1421 2263 1758 2332 Bernardu5‚
1787 2264 1937 2337 quod
1964 2264 2171 2319 summi

248 2362 539 2419 Pontifices
579 2364 941 2436 praedicand0‚
981 2364 1336 2430 adhortatum,
1384 2363 1558 2417 (larido
1597 2362 1972 2435 inclulqentias‘,
2013 2362 2171 2417 Prin-

249 2464 386 2533 cipes
429 2479 490 2517 ac
530 2463 719 2518 milites
759 2462 995 2518 incitare
1038 2463 1260 2519 valeant
1293 2461 1587 2536 (Defensio,
1629 2468 1783 2536 parte
1825 2462 1864 2528 I,
1911 2462 2055 2518 libro
2083 2462 2169 2530 ΙΙΙ,

247 2577 370 2634 cap.
401 2561 532 2634 xvi),
569 2579 680 2616 non
708 2562 889 2635 potuit
912 2561 1060 2618 idem
1095 2561 1150 2617 S.
1177 2562 1491 2618 Bernardus
1518 2561 1585 2617 de
1620 2561 1724 2616 isto
1752 2561 2027 2616 materiali
2053 2562 2171 2635 gla-

249 2659 340 2714 dio
363 2659 548 2715 dicere
577 2681 586 2712 :
621 2682 649 2713 «
677 2661 756 2716 De
779 2679 876 2734 quo
915 2663 1086 2717 minus
1119 2662 1417 2732 videbatur,
1457 2660 1525 2716 de
1562 2661 1683 2735 ipso
1714 2661 1784 2717 ad
1810 2662 2034 2717 Petrum
2062 2661 2172 2716 dic·
2198 2651 2202 2655 ⁴

246 2765 370 2814 tum
396 2765 481 2815 est
512 2779 524 2813 ε
556 2758 823 2816 Converte
858 2760 1111 2833 gladium
1146 2770 1289 2816 tuum
1320 2763 1378 2816 in
1404 2761 1686 2834 vaginam.
1717 2761 1858 2834 Ergo
1882 2779 2020 2817 suus
2054 2767 2173 2817 erat

246 2862 300 2912 et
334 2857 449 2913 ille.
476 2881 502 2910 n
533 2859 673 2915 Sane
702 2864 941 2932 potestas
973 2878 1084 2933 quae
1109 2862 1282 2916 minus
1304 2862 1573 2917 videbatur
1601 2860 1867 2917 Romanis
1899 2861 2173 2917 Pontifici-

248 2957 355 3012 bus
399 2975 428 3012 a
467 2957 684 3013 Christo
717 2975 1001 3027 concessa,
1044 2977 1158 3014 non
1192 2966 1273 3015 est
1306 2965 1548 3034 potestas
1575 2961 1928 3033 Jiraeclz'eavzcli,
1984 2961 2172 3014 adhor-

253 3057 402 3111 tandi
443 3063 495 3111 et
532 3057 885 3130 inclulzqentias
927 3058 1113 3113 dandi.
1144 3058 1415 3114 Caeterum
1458 3059 1675 3116 videtur
1713 3060 1830 3133 ipse
1850 3058 2172 3114 Bossuetius

252 3154 540 3211 inanitatis
586 3155 756 3230 hujus
793 3157 882 3212 sui
918 3157 1173 3232 responsi
1211 3159 1472 3215 conscius
1497 3159 1703 3224 fuisse3
1741 3157 1977 3214 recurrit
2002 3156 2176 3230 siqui-

254 3254 380 3310 dem
410 3256 477 3310 ad
506 3255 659 3311 aliud
692 3255 850 3312 valde
890 3256 1200 3326 diversum,
1238 3257 1513 3314 videlicet.
1560 3257 1615 3311 2⁰
1654 3256 1869 3312 Asserit
1913 3262 2172 3312 sanctum

254 3355 599 3412 Bernardum
627 3355 687 3412 in
717 3357 822 3414 hac
846 3356 1088 3414 duorum
1120 3356 1434 3430 gladiorum
1469 3356 1730 3429 allegoria
1761 3358 1849 3430 pie
1874 3356 2081 3419 [πώεα
2117 3373 2175 3411 se

256 3462 442 3512 autem
470 3473 582 3511 non
606 3455 816 3526 sinere,
843 3461 908 3512 ut
924 3454 1200 3530 ejusmodi
1234 3455 1337 3529 piae
1366 3462 1421 3512 et
1458 3454 1762 3528 ingeniosae
1786 3452 2174 3511 contorsiones

257 3553 317 3609 in
339 3554 614 3629 dogmatis
647 3554 906 3611 catholici
927 3553 1314 3629 probationem
1343 3553 1728 3609 adducantur:
1761 3553 2026 3627 «reliqua
2051 3569 2173 3625 quae

257 3659 484 3710 sanctus
522 3653 837 3710 Bernardus
884 3652 1167 3724 caeterive,
1208 3651 1305 3707 alii
1340 3651 1471 3723 alio,
1507 3652 1598 3727 pie
1640 3651 2035 3726 ingenioseque
2083 3650 2173 3705 de-

257 3753 548 3825 torserim,
581 3753 650 3810 ad
680 3753 1005 3811 elucidanda
1033 3770 1157 3827 quae
1187 3751 1416 3809 aliunde
1452 3758 1599 3809 certa
1639 3752 1751 3810 sint
1790 3750 2031 3824 theologi
2076 3747 2172 3804 ad-
