<?xml version="1.0" encoding="UTF-8"?>
<!DOCTYPE html PUBLIC "-//W3C//DTD XHTML 1.0 Transitional//EN"
    "http://www.w3.org/TR/xhtml1/DTD/xhtml1-transitional.dtd">
<html xmlns="http://www.w3.org/1999/xhtml" xml:lang="en" lang="en">
 <head>
  <title>
</title>
<meta http-equiv="Content-Type" content="text/html;charset=utf-8" />
  <meta name='ocr-system' content='tesseract 3.04.00' />
  <meta name='ocr-capabilities' content='ocr_page ocr_carea ocr_par ocr_line ocrx_word'/>
</head>
<body>
  <div class='ocr_page' id='page_1' title='image "a548470103bouiuoft_0296.png"; bbox 0 0 2340 3990; ppageno 0'>
   <div class='ocr_carea' id='block_1_1' title="bbox 370 339 1614 393">
    <p class='ocr_par' dir='ltr' id='par_1_1' title="bbox 370 339 1614 393">
     <span class='ocr_line' id='line_1_1' title="bbox 370 339 1614 393; baseline -0.002 -2"><span class='ocrx_word' id='word_1_1' title='bbox 370 346 456 393; x_wconf 69' lang='lat'>272</span> <span class='ocrx_word' id='word_1_2' title='bbox 1041 342 1337 392; x_wconf 81' lang='lat' dir='ltr'>TRACTATUS</span> <span class='ocrx_word' id='word_1_3' title='bbox 1367 341 1434 388; x_wconf 87' lang='lat' dir='ltr'>DE</span> <span class='ocrx_word' id='word_1_4' title='bbox 1465 339 1614 388; x_wconf 81' lang='lat' dir='ltr'><strong>PAPA.</strong></span> 
     </span>
    </p>
   </div>
   <div class='ocr_carea' id='block_1_2' title="bbox 365 447 2329 1827">
    <p class='ocr_par' dir='ltr' id='par_1_2' title="bbox 367 447 2310 727">
     <span class='ocr_line' id='line_1_2' title="bbox 369 447 2274 535; baseline 0.003 -23"><span class='ocrx_word' id='word_1_5' title='bbox 369 456 846 512; x_wconf 81' lang='lat' dir='ltr'>accidentellement</span> <span class='ocrx_word' id='word_1_6' title='bbox 872 460 923 509; x_wconf 84' lang='lat' dir='ltr'>et</span> <span class='ocrx_word' id='word_1_7' title='bbox 945 470 1049 526; x_wconf 78' lang='lat' dir='ltr'>par</span> <span class='ocrx_word' id='word_1_8' title='bbox 1077 453 1318 509; x_wconf 77' lang='lat' dir='ltr'><em>occasion</em></span> <span class='ocrx_word' id='word_1_9' title='bbox 1356 467 1448 507; x_wconf 93' lang='grc'>005</span> <span class='ocrx_word' id='word_1_10' title='bbox 1472 447 1698 504; x_wconf 82' lang='lat' dir='ltr'>affaires</span> <span class='ocrx_word' id='word_1_11' title='bbox 1723 447 1984 509; x_wconf 69' lang='lat' dir='ltr'>d’interet</span> <span class='ocrx_word' id='word_1_12' title='bbox 2019 455 2274 535; x_wconf 88' lang='lat' dir='ltr'>minime,</span> 
     </span>
     <span class='ocr_line' id='line_1_3' title="bbox 370 550 2310 631; baseline 0.004 -20"><span class='ocrx_word' id='word_1_13' title='bbox 370 556 601 631; x_wconf 88' lang='lat' dir='ltr'>lorsque</span> <span class='ocrx_word' id='word_1_14' title='bbox 642 554 691 610; x_wconf 99' lang='grc'>13</span> <span class='ocrx_word' id='word_1_15' title='bbox 715 553 879 628; x_wconf 76' lang='lat' dir='ltr'>piete,</span> <span class='ocrx_word' id='word_1_16' title='bbox 926 552 979 609; x_wconf 92' lang='lat' dir='ltr'>la</span> <span class='ocrx_word' id='word_1_17' title='bbox 1006 553 1246 628; x_wconf 83' lang='lat' dir='ltr'>religion</span> <span class='ocrx_word' id='word_1_18' title='bbox 1282 570 1355 609; x_wconf 94' lang='lat' dir='ltr'>ou</span> <span class='ocrx_word' id='word_1_19' title='bbox 1385 550 1626 626; x_wconf 86' lang='lat' dir='ltr'>quelque</span> <span class='ocrx_word' id='word_1_20' title='bbox 1661 555 1818 607; x_wconf 88' lang='lat' dir='ltr'>autre</span> <span class='ocrx_word' id='word_1_21' title='bbox 1854 551 2095 612; x_wconf 77' lang='lat' dir='ltr'>honnete</span> <span class='ocrx_word' id='word_1_22' title='bbox 2121 559 2286 618; x_wconf 79' lang='lat' dir='ltr'>motis</span> <span class='ocrx_word' id='word_1_23' title='bbox 2301 598 2310 606; x_wconf 93' lang='lat'>-</span> 
     </span>
     <span class='ocr_line' id='line_1_4' title="bbox 367 649 2281 727; baseline 0.002 -14"><span class='ocrx_word' id='word_1_24' title='bbox 367 676 437 714; x_wconf 89' lang='lat' dir='ltr'>en</span> <span class='ocrx_word' id='word_1_25' title='bbox 473 657 571 712; x_wconf 86' lang='lat' dir='ltr'>fait</span> <span class='ocrx_word' id='word_1_26' title='bbox 599 672 678 710; x_wconf 89' lang='lat' dir='ltr'>un</span> <span class='ocrx_word' id='word_1_27' title='bbox 715 653 929 711; x_wconf 86' lang='lat' dir='ltr'>devoir.</span> <span class='ocrx_word' id='word_1_28' title='bbox 962 654 1294 711; x_wconf 85' lang='lat' dir='ltr'>Autrcment</span> <span class='ocrx_word' id='word_1_29' title='bbox 1329 652 1574 727; x_wconf 78' lang='lat' dir='ltr'>l’Apotre</span> <span class='ocrx_word' id='word_1_30' title='bbox 1615 649 1780 707; x_wconf 88' lang='lat' dir='ltr'>serait</span> <span class='ocrx_word' id='word_1_31' title='bbox 1819 651 1931 708; x_wconf 82' lang='lat' dir='ltr'>alle</span> <span class='ocrx_word' id='word_1_32' title='bbox 1972 660 2162 713; x_wconf 83' lang='lat' dir='ltr'>contre</span> <span class='ocrx_word' id='word_1_33' title='bbox 2199 657 2281 717; x_wconf 90' lang='lat' dir='ltr'>les</span> 
     </span>
    </p>

    <p class='ocr_par' dir='ltr' id='par_1_3' title="bbox 367 733 2281 829">
     <span class='ocr_line' id='line_1_5' title="bbox 367 733 2281 829; baseline 0.001 -16"><span class='ocrx_word' id='word_1_34' title='bbox 367 755 817 829; x_wconf 90' lang='lat' dir='ltr'>enseignements</span> <span class='ocrx_word' id='word_1_35' title='bbox 844 755 911 813; x_wconf 93' lang='lat' dir='ltr'>de</span> <span class='ocrx_word' id='word_1_36' title='bbox 942 754 1333 825; x_wconf 79' lang='lat' dir='ltr'>Jesus-Christ,</span> <span class='ocrx_word' id='word_1_37' title='bbox 1363 733 1622 827; x_wconf 84' lang='lat' dir='ltr'>lorsqu’ss</span> <span class='ocrx_word' id='word_1_38' title='bbox 1654 770 1686 809; x_wconf 89' lang='lat' dir='ltr'>a</span> <span class='ocrx_word' id='word_1_39' title='bbox 1717 751 1958 810; x_wconf 80' lang='lat' dir='ltr'>defendu</span> <span class='ocrx_word' id='word_1_40' title='bbox 1985 773 2095 821; x_wconf 75' lang='lat' dir='ltr'>aux</span> <span class='ocrx_word' id='word_1_41' title='bbox 2123 758 2281 816; x_wconf 77' lang='lat' dir='ltr'>chre-</span> 
     </span>
    </p>

    <p class='ocr_par' dir='ltr' id='par_1_4' title="bbox 366 853 2286 932">
     <span class='ocr_line' id='line_1_6' title="bbox 366 853 2286 932; baseline 0.002 -20"><span class='ocrx_word' id='word_1_42' title='bbox 366 855 508 912; x_wconf 88' lang='lat' dir='ltr'>tiens</span> <span class='ocrx_word' id='word_1_43' title='bbox 543 854 610 912; x_wconf 92' lang='lat' dir='ltr'>de</span> <span class='ocrx_word' id='word_1_44' title='bbox 646 861 838 931; x_wconf 87' lang='lat' dir='ltr'>porter</span> <span class='ocrx_word' id='word_1_45' title='bbox 877 856 1028 914; x_wconf 90' lang='lat' dir='ltr'>leurs</span> <span class='ocrx_word' id='word_1_46' title='bbox 1060 858 1258 932; x_wconf 81' lang='lat' dir='ltr'>proces</span> <span class='ocrx_word' id='word_1_47' title='bbox 1293 855 1492 912; x_wconf 85' lang='lat' dir='ltr'>devant</span> <span class='ocrx_word' id='word_1_48' title='bbox 1526 853 1607 910; x_wconf 87' lang='lat' dir='ltr'>les</span> <span class='ocrx_word' id='word_1_49' title='bbox 1642 853 1964 928; x_wconf 88' lang='lat' dir='ltr'>magistrats</span> <span class='ocrx_word' id='word_1_50' title='bbox 2000 854 2286 932; x_wconf 65' lang='lat' dir='ltr'>idolatres,</span> 
     </span>
    </p>

    <p class='ocr_par' dir='ltr' id='par_1_5' title="bbox 365 952 2329 1827">
     <span class='ocr_line' id='line_1_7' title="bbox 369 952 2314 1029; baseline 0.003 -20"><span class='ocrx_word' id='word_1_51' title='bbox 369 959 423 1010; x_wconf 91' lang='lat' dir='ltr'>et</span> <span class='ocrx_word' id='word_1_52' title='bbox 446 954 587 1029; x_wconf 83' lang='lat' dir='ltr'>qu&#39;il</span> <span class='ocrx_word' id='word_1_53' title='bbox 622 955 748 1011; x_wconf 92' lang='lat' dir='ltr'>leur</span> <span class='ocrx_word' id='word_1_54' title='bbox 787 973 816 1011; x_wconf 91' lang='grc'><strong>3</strong></span> <span class='ocrx_word' id='word_1_55' title='bbox 844 955 1176 1012; x_wconf 79' lang='lat' dir='ltr'>commande</span> <span class='ocrx_word' id='word_1_56' title='bbox 1205 955 1272 1010; x_wconf 88' lang='lat' dir='ltr'>de</span> <span class='ocrx_word' id='word_1_57' title='bbox 1301 972 1360 1011; x_wconf 92' lang='grc'>50</span> <span class='ocrx_word' id='word_1_58' title='bbox 1389 952 1598 1010; x_wconf 89' lang='lat' dir='ltr'>choisir</span> <span class='ocrx_word' id='word_1_59' title='bbox 1620 953 1804 1029; x_wconf 77' lang='lat' dir='ltr'>plutot</span> <span class='ocrx_word' id='word_1_60' title='bbox 1838 954 1934 1011; x_wconf 87' lang='lat' dir='ltr'>des</span> <span class='ocrx_word' id='word_1_61' title='bbox 1956 954 2120 1029; x_wconf 87' lang='lat' dir='ltr'>juges</span> <span class='ocrx_word' id='word_1_62' title='bbox 2148 954 2314 1027; x_wconf 54' lang='lat' dir='ltr'>dans-15}</span> 
     </span>
     <span class='ocr_line' id='line_1_8' title="bbox 366 1025 2314 1134; baseline 0.002 -28"><span class='ocrx_word' id='word_1_63' title='bbox 366 1051 416 1106; x_wconf 91' lang='grc'>13</span> <span class='ocrx_word' id='word_1_64' title='bbox 450 1054 846 1108; x_wconf 80' lang='lat' dir='ltr'>communaute</span> <span class='ocrx_word' id='word_1_65' title='bbox 874 1053 972 1109; x_wconf 87' lang='lat' dir='ltr'>des</span> <span class='ocrx_word' id='word_1_66' title='bbox 1009 1053 1221 1109; x_wconf 82' lang='lat' dir='ltr'>fideles.</span> <span class='ocrx_word' id='word_1_67' title='bbox 1246 1073 1271 1105; x_wconf 91' lang='lat'>»</span> <span class='ocrx_word' id='word_1_68' title='bbox 1310 1050 1487 1125; x_wconf 84' lang='lat' dir='ltr'>Igitur</span> <span class='ocrx_word' id='word_1_69' title='bbox 1513 1050 1750 1125; x_wconf 87' lang='lat' dir='ltr'>allegato</span> <span class='ocrx_word' id='word_1_70' title='bbox 1776 1056 1927 1108; x_wconf 89' lang='lat' dir='ltr'>textu</span> <span class='ocrx_word' id='word_1_71' title='bbox 1955 1052 2143 1110; x_wconf 88' lang='lat' dir='ltr'>docuit</span> <span class='ocrx_word' id='word_1_72' title='bbox 2168 1025 2314 1134; x_wconf 59' lang='lat' dir='ltr'>qui-³³}</span> 
     </span>
     <span class='ocr_line' id='line_1_9' title="bbox 365 1139 2326 1225; baseline 0.001 -17"><span class='ocrx_word' id='word_1_73' title='bbox 365 1152 492 1208; x_wconf 87' lang='lat' dir='ltr'>dem</span> <span class='ocrx_word' id='word_1_74' title='bbox 515 1153 769 1210; x_wconf 87' lang='lat' dir='ltr'>Christus</span> <span class='ocrx_word' id='word_1_75' title='bbox 803 1153 1121 1210; x_wconf 79' lang='lat' dir='ltr'>institutam</span> <span class='ocrx_word' id='word_1_76' title='bbox 1150 1171 1265 1209; x_wconf 91' lang='lat' dir='ltr'>non</span> <span class='ocrx_word' id='word_1_77' title='bbox 1295 1151 1468 1208; x_wconf 87' lang='lat' dir='ltr'>fuisse</span> <span class='ocrx_word' id='word_1_78' title='bbox 1494 1157 1822 1225; x_wconf 88' lang='lat' dir='ltr'>potestatem</span> <span class='ocrx_word' id='word_1_79' title='bbox 1853 1139 2326 1210; x_wconf 58' lang='lat' dir='ltr'>ecclesiasticam³&#39;²&#39;</span> 
     </span>
     <span class='ocr_line' id='line_1_10' title="bbox 367 1230 2329 1327; baseline 0.001 -19"><span class='ocrx_word' id='word_1_80' title='bbox 367 1253 435 1308; x_wconf 91' lang='lat' dir='ltr'>ad</span> <span class='ocrx_word' id='word_1_81' title='bbox 478 1254 583 1309; x_wconf 87' lang='lat' dir='ltr'>hoc</span> <span class='ocrx_word' id='word_1_82' title='bbox 626 1259 690 1309; x_wconf 92' lang='lat' dir='ltr'>ut</span> <span class='ocrx_word' id='word_1_83' title='bbox 725 1252 1028 1320; x_wconf 78' lang='lat' dir='ltr'>ordinarie,</span> <span class='ocrx_word' id='word_1_84' title='bbox 1080 1271 1178 1309; x_wconf 88' lang='lat' dir='ltr'>seu</span> <span class='ocrx_word' id='word_1_85' title='bbox 1219 1260 1372 1308; x_wconf 74' lang='lat' dir='ltr'>eoetra</span> <span class='ocrx_word' id='word_1_86' title='bbox 1411 1271 1588 1308; x_wconf 78' lang='lat' dir='ltr'>casum</span> <span class='ocrx_word' id='word_1_87' title='bbox 1639 1252 2052 1326; x_wconf 70' lang='lat' dir='ltr'>eaeceptionalcm</span> <span class='ocrx_word' id='word_1_88' title='bbox 2096 1273 2193 1327; x_wconf 80' lang='lat' dir='ltr'>quo</span> <span class='ocrx_word' id='word_1_89' title='bbox 2237 1255 2254 1309; x_wconf 73' lang='lat' dir='ltr'>i</span> <span class='ocrx_word' id='word_1_90' title='bbox 2326 1230 2329 1238; x_wconf 23' lang='lat'>¹</span> 
     </span>
     <span class='ocr_line' id='line_1_11' title="bbox 366 1351 2266 1428; baseline 0.001 -21"><span class='ocrx_word' id='word_1_91' title='bbox 366 1354 486 1424; x_wconf 77' lang='lat' dir='ltr'>linis</span> <span class='ocrx_word' id='word_1_92' title='bbox 529 1353 776 1409; x_wconf 62' lang='lat' dir='ltr'>Ecclesiae</span> <span class='ocrx_word' id='word_1_93' title='bbox 818 1355 1074 1427; x_wconf 76' lang='lat' dir='ltr'>requirat,</span> <span class='ocrx_word' id='word_1_94' title='bbox 1102 1353 1231 1409; x_wconf 88' lang='lat' dir='ltr'>lites</span> <span class='ocrx_word' id='word_1_95' title='bbox 1267 1351 1328 1407; x_wconf 93' lang='lat' dir='ltr'>in</span> <span class='ocrx_word' id='word_1_96' title='bbox 1361 1352 1596 1408; x_wconf 84' lang='lat' dir='ltr'>materia</span> <span class='ocrx_word' id='word_1_97' title='bbox 1629 1353 1921 1428; x_wconf 86' lang='lat' dir='ltr'>temporali</span> <span class='ocrx_word' id='word_1_98' title='bbox 1957 1352 2212 1421; x_wconf 86' lang='lat' dir='ltr'>dirimat;</span> <span class='ocrx_word' id='word_1_99' title='bbox 2235 1370 2266 1408; x_wconf 92' lang='grc'><strong>3</strong></span> 
     </span>
     <span class='ocr_line' id='line_1_12' title="bbox 366 1450 2289 1527; baseline 0.001 -20"><span class='ocrx_word' id='word_1_100' title='bbox 366 1470 720 1526; x_wconf 86' lang='lat' dir='ltr'>nequaquam</span> <span class='ocrx_word' id='word_1_101' title='bbox 765 1452 954 1508; x_wconf 91' lang='lat' dir='ltr'>docuit</span> <span class='ocrx_word' id='word_1_102' title='bbox 995 1453 1242 1527; x_wconf 89' lang='lat' dir='ltr'>idipsum</span> <span class='ocrx_word' id='word_1_103' title='bbox 1291 1451 1359 1507; x_wconf 88' lang='lat' dir='ltr'>ad</span> <span class='ocrx_word' id='word_1_104' title='bbox 1403 1451 1705 1507; x_wconf 77' lang='lat' dir='ltr'>Ecclesiam</span> <span class='ocrx_word' id='word_1_105' title='bbox 1752 1470 1866 1507; x_wconf 92' lang='lat' dir='ltr'>non</span> <span class='ocrx_word' id='word_1_106' title='bbox 1907 1452 2190 1527; x_wconf 86' lang='lat' dir='ltr'>pertinere</span> <span class='ocrx_word' id='word_1_107' title='bbox 2231 1450 2289 1509; x_wconf 89' lang='lat' dir='ltr'>in</span> 
     </span>
     <span class='ocr_line' id='line_1_13' title="bbox 366 1551 2293 1628; baseline -0.002 -21"><span class='ocrx_word' id='word_1_108' title='bbox 366 1551 510 1609; x_wconf 88' lang='lat' dir='ltr'>dicto</span> <span class='ocrx_word' id='word_1_109' title='bbox 540 1552 910 1628; x_wconf 80' lang='lat' dir='ltr'>exceptionali</span> <span class='ocrx_word' id='word_1_110' title='bbox 937 1571 1092 1610; x_wconf 89' lang='lat' dir='ltr'>casu.</span> <span class='ocrx_word' id='word_1_111' title='bbox 1123 1553 1289 1608; x_wconf 86' lang='lat' dir='ltr'>Porro</span> <span class='ocrx_word' id='word_1_112' title='bbox 1318 1552 1420 1607; x_wconf 89' lang='lat' dir='ltr'>hoc</span> <span class='ocrx_word' id='word_1_113' title='bbox 1450 1551 1636 1626; x_wconf 85' lang='lat' dir='ltr'>ipsum</span> <span class='ocrx_word' id='word_1_114' title='bbox 1665 1556 1718 1607; x_wconf 87' lang='lat' dir='ltr'>ct</span> <span class='ocrx_word' id='word_1_115' title='bbox 1755 1569 1867 1606; x_wconf 91' lang='lat' dir='ltr'>non</span> <span class='ocrx_word' id='word_1_116' title='bbox 1893 1551 2045 1607; x_wconf 87' lang='lat' dir='ltr'>aliud</span> <span class='ocrx_word' id='word_1_117' title='bbox 2072 1555 2293 1617; x_wconf 88' lang='lat' dir='ltr'>tenent,</span> 
     </span>
     <span class='ocr_line' id='line_1_14' title="bbox 367 1652 2289 1730; baseline -0.002 -19"><span class='ocrx_word' id='word_1_118' title='bbox 367 1655 466 1730; x_wconf 89' lang='lat' dir='ltr'>qui</span> <span class='ocrx_word' id='word_1_119' title='bbox 490 1656 739 1712; x_wconf 88' lang='lat' dir='ltr'>Romano</span> <span class='ocrx_word' id='word_1_120' title='bbox 765 1654 1011 1711; x_wconf 84' lang='lat' dir='ltr'>Pontifici</span> <span class='ocrx_word' id='word_1_121' title='bbox 1038 1659 1367 1730; x_wconf 84' lang='lat' dir='ltr'>potestatem</span> <span class='ocrx_word' id='word_1_122' title='bbox 1405 1652 1738 1709; x_wconf 86' lang='lat' dir='ltr'>adscribunt</span> <span class='ocrx_word' id='word_1_123' title='bbox 1766 1653 1823 1707; x_wconf 87' lang='lat' dir='ltr'>in</span> <span class='ocrx_word' id='word_1_124' title='bbox 1854 1670 1972 1708; x_wconf 91' lang='lat' dir='ltr'>rem</span> <span class='ocrx_word' id='word_1_125' title='bbox 2006 1658 2289 1727; x_wconf 87' lang='lat' dir='ltr'>tempora-</span> 
     </span>
     <span class='ocr_line' id='line_1_15' title="bbox 366 1751 2289 1827; baseline -0.002 -16"><span class='ocrx_word' id='word_1_126' title='bbox 366 1756 475 1811; x_wconf 80' lang='lat' dir='ltr'>lem</span> <span class='ocrx_word' id='word_1_127' title='bbox 513 1754 956 1827; x_wconf 83' lang='lat' dir='ltr'>statuum.·Ergo</span> <span class='ocrx_word' id='word_1_128' title='bbox 990 1759 1175 1810; x_wconf 81' lang='lat' dir='ltr'>textus</span> <span class='ocrx_word' id='word_1_129' title='bbox 1208 1773 1233 1809; x_wconf 89' lang='lat' dir='ltr'>a</span> <span class='ocrx_word' id='word_1_130' title='bbox 1264 1753 1554 1810; x_wconf 83' lang='lat' dir='ltr'>Bossuetio</span> <span class='ocrx_word' id='word_1_131' title='bbox 1592 1758 1703 1808; x_wconf 86' lang='lat' dir='ltr'>tam</span> <span class='ocrx_word' id='word_1_132' title='bbox 1742 1751 1976 1809; x_wconf 87' lang='lat' dir='ltr'>fidenter</span> <span class='ocrx_word' id='word_1_133' title='bbox 2017 1752 2289 1825; x_wconf 84' lang='lat' dir='ltr'>allegatus</span> 
     </span>
    </p>
   </div>
   <div class='ocr_carea' id='block_1_3' title="bbox 2255 1141 2340 1876">
    <p class='ocr_par' dir='ltr' id='par_1_6' title="bbox 2255 1141 2340 1876">
     <span class='ocr_line' id='line_1_16' title="bbox 2255 1141 2340 1313; baseline 0 -51"><span class='ocrx_word' id='word_1_134' title='bbox 2255 1141 2340 1313; x_wconf 95' lang='lat' dir='ltr'>  </span> 
     </span>
     <span class='ocr_line' id='line_1_17' title="bbox 2266 1313 2340 1513; baseline 0 -101"><span class='ocrx_word' id='word_1_135' title='bbox 2266 1313 2340 1513; x_wconf 95' lang='lat' dir='ltr'>   </span> 
     </span>
     <span class='ocr_line' id='line_1_18' title="bbox 2292 1513 2340 1876; baseline 0 -210"><span class='ocrx_word' id='word_1_136' title='bbox 2292 1513 2340 1876; x_wconf 95' lang='lat' dir='ltr'>  </span> 
     </span>
    </p>
   </div>
   <div class='ocr_carea' id='block_1_4' title="bbox 368 1850 2333 1935">
    <p class='ocr_par' dir='ltr' id='par_1_7' title="bbox 368 1850 2333 1935">
     <span class='ocr_line' id='line_1_19' title="bbox 368 1850 2333 1935; baseline -0.003 -24"><span class='ocrx_word' id='word_1_137' title='bbox 368 1874 601 1932; x_wconf 87' lang='lat' dir='ltr'>prorsus</span> <span class='ocrx_word' id='word_1_138' title='bbox 629 1861 782 1912; x_wconf 79' lang='lat' dir='ltr'>extra</span> <span class='ocrx_word' id='word_1_139' title='bbox 814 1854 1184 1929; x_wconf 80' lang='lat' dir='ltr'>quaestionem</span> <span class='ocrx_word' id='word_1_140' title='bbox 1219 1860 1321 1911; x_wconf 91' lang='lat' dir='ltr'>est.</span> <span class='ocrx_word' id='word_1_141' title='bbox 2304 1850 2333 1935; x_wconf 41' lang='grc' dir='ltr'>ἐξ</span> 
     </span>
    </p>
   </div>
   <div class='ocr_carea' id='block_1_5' title="bbox 1115 2170 1543 2234">
    <p class='ocr_par' dir='ltr' id='par_1_8' title="bbox 1115 2170 1543 2234">
     <span class='ocr_line' id='line_1_20' title="bbox 1115 2170 1543 2234; baseline -0.009 0"><span class='ocrx_word' id='word_1_142' title='bbox 1115 2171 1365 2234; x_wconf 86' lang='lat' dir='ltr'><strong>CAPUT</strong></span> <span class='ocrx_word' id='word_1_143' title='bbox 1436 2170 1543 2231; x_wconf 94' lang='lat' dir='ltr'>III</span> 
     </span>
    </p>
   </div>
   <div class='ocr_carea' id='block_1_6' title="bbox 364 2355 2329 2538">
    <p class='ocr_par' dir='ltr' id='par_1_9' title="bbox 364 2355 2329 2538">
     <span class='ocr_line' id='line_1_21' title="bbox 592 2355 2329 2409; baseline -0.006 -10"><span class='ocrx_word' id='word_1_144' title='bbox 592 2364 764 2409; x_wconf 67' lang='lat' dir='ltr'>QUAM</span> <span class='ocrx_word' id='word_1_145' title='bbox 789 2359 1236 2397; x_wconf 67' lang='lat' dir='ltr'>Pssnlcnmosmu</span> <span class='ocrx_word' id='word_1_146' title='bbox 1261 2358 1364 2394; x_wconf 73' lang='lat'><strong>§1⁹1¹</strong></span> <span class='ocrx_word' id='word_1_147' title='bbox 1389 2357 1680 2394; x_wconf 70' lang='lat' dir='ltr'><strong>SYSTEMA</strong></span> <span class='ocrx_word' id='word_1_148' title='bbox 1703 2355 2062 2399; x_wconf 67' lang='lat' dir='ltr'>BosstJETn,</span> <span class='ocrx_word' id='word_1_149' title='bbox 2326 2391 2329 2394; x_wconf 18' lang='grc' dir='ltr'><strong>Δ</strong></span> 
     </span>
     <span class='ocr_line' id='line_1_22' title="bbox 364 2422 2323 2469; baseline -0.004 0"><span class='ocrx_word' id='word_1_150' title='bbox 364 2435 446 2469; x_wconf 70' lang='lat' dir='ltr'>An</span> <span class='ocrx_word' id='word_1_151' title='bbox 466 2433 692 2469; x_wconf 70' lang='lat' dir='ltr'><strong>VERUM</strong></span> <span class='ocrx_word' id='word_1_152' title='bbox 710 2429 1088 2468; x_wconf 66' lang='lat' dir='ltr'>sclul‘wlmffl</span> <span class='ocrx_word' id='word_1_153' title='bbox 1109 2428 1363 2464; x_wconf 68' lang='lat' dir='ltr'>SENSIJM</span> <span class='ocrx_word' id='word_1_154' title='bbox 1382 2427 1462 2461; x_wconf 79' lang='grc' dir='ltr'>ΕΤ</span> <span class='ocrx_word' id='word_1_155' title='bbox 1482 2429 1564 2462; x_wconf 80' lang='grc' dir='ltr'>ΑΙ)</span> <span class='ocrx_word' id='word_1_156' title='bbox 1586 2426 1884 2462; x_wconf 72' lang='lat' dir='ltr'>Pluonmu</span> <span class='ocrx_word' id='word_1_157' title='bbox 1904 2422 2288 2463; x_wconf 71' lang='lat' dir='ltr'>sAEclluuum</span> <span class='ocrx_word' id='word_1_158' title='bbox 2308 2431 2323 2462; x_wconf 65' lang='grc' dir='ltr'>ζ,</span> 
     </span>
     <span class='ocr_line' id='line_1_23' title="bbox 872 2498 1781 2538; baseline -0.006 -2"><span class='ocrx_word' id='word_1_159' title='bbox 872 2499 1316 2538; x_wconf 67' lang='lat' dir='ltr'>&#39;rmun&#39;non’ssm</span> <span class='ocrx_word' id='word_1_160' title='bbox 1338 2498 1781 2534; x_wconf 66' lang='lat' dir='ltr'>Pnovocfflv&#39;ns.</span> 
     </span>
    </p>
   </div>
   <div class='ocr_carea' id='block_1_7' title="bbox 304 2636 2340 3835">
    <p class='ocr_par' dir='ltr' id='par_1_10' title="bbox 371 2636 2319 2834">
     <span class='ocr_line' id='line_1_24' title="bbox 444 2636 2319 2731; baseline -0.005 -16"><span class='ocrx_word' id='word_1_161' title='bbox 444 2661 552 2716; x_wconf 88' lang='lat' dir='ltr'>Hac</span> <span class='ocrx_word' id='word_1_162' title='bbox 582 2661 650 2716; x_wconf 90' lang='lat' dir='ltr'>dc</span> <span class='ocrx_word' id='word_1_163' title='bbox 685 2677 747 2715; x_wconf 84' lang='lat' dir='ltr'>re</span> <span class='ocrx_word' id='word_1_164' title='bbox 782 2658 1232 2715; x_wconf 84' lang='lat' dir='ltr'>transcribemus</span> <span class='ocrx_word' id='word_1_165' title='bbox 1266 2656 1704 2731; x_wconf 81' lang='lat' dir='ltr'>manuscriptam</span> <span class='ocrx_word' id='word_1_166' title='bbox 1733 2654 1990 2729; x_wconf 83' lang='lat' dir='ltr'>gallicam</span> <span class='ocrx_word' id='word_1_167' title='bbox 2022 2636 2319 2708; x_wconf 57' lang='lat' dir='ltr'>disserta-9</span> 
     </span>
     <span class='ocr_line' id='line_1_25' title="bbox 371 2756 1779 2834; baseline -0.005 -18"><span class='ocrx_word' id='word_1_168' title='bbox 371 2761 605 2831; x_wconf 85' lang='lat' dir='ltr'>tionem,</span> <span class='ocrx_word' id='word_1_169' title='bbox 636 2778 760 2834; x_wconf 85' lang='lat' dir='ltr'>quae</span> <span class='ocrx_word' id='word_1_170' title='bbox 786 2759 903 2834; x_wconf 87' lang='lat' dir='ltr'>jam</span> <span class='ocrx_word' id='word_1_171' title='bbox 933 2758 1144 2832; x_wconf 82' lang='lat' dir='ltr'>pluries</span> <span class='ocrx_word' id='word_1_172' title='bbox 1170 2758 1432 2833; x_wconf 87' lang='lat' dir='ltr'>superius</span> <span class='ocrx_word' id='word_1_173' title='bbox 1459 2758 1624 2813; x_wconf 87' lang='lat' dir='ltr'>citata</span> <span class='ocrx_word' id='word_1_174' title='bbox 1653 2756 1779 2812; x_wconf 89' lang='lat' dir='ltr'>fuit.</span> 
     </span>
    </p>

    <p class='ocr_par' dir='ltr' id='par_1_11' title="bbox 304 2844 2340 3835">
     <span class='ocr_line' id='line_1_26' title="bbox 451 2844 2307 2935; baseline -0.003 -20"><span class='ocrx_word' id='word_1_175' title='bbox 451 2884 478 2915; x_wconf 91' lang='lat'>«</span> <span class='ocrx_word' id='word_1_176' title='bbox 507 2863 549 2917; x_wconf 94' lang='lat' dir='ltr'>I.</span> <span class='ocrx_word' id='word_1_177' title='bbox 599 2861 694 2918; x_wconf 92' lang='lat' dir='ltr'>Les</span> <span class='ocrx_word' id='word_1_178' title='bbox 742 2864 1081 2935; x_wconf 79' lang='lat' dir='ltr'>protestants</span> <span class='ocrx_word' id='word_1_179' title='bbox 1129 2865 1393 2915; x_wconf 79' lang='lat' dir='ltr'>accusent</span> <span class='ocrx_word' id='word_1_180' title='bbox 1442 2846 1663 2930; x_wconf 78' lang='lat' dir='ltr'>l&#39;Eglise</span> <span class='ocrx_word' id='word_1_181' title='bbox 1717 2855 1970 2912; x_wconf 86' lang='lat' dir='ltr'>romainc</span> <span class='ocrx_word' id='word_1_182' title='bbox 2021 2854 2086 2910; x_wconf 89' lang='lat' dir='ltr'>dc</span> <span class='ocrx_word' id='word_1_183' title='bbox 2128 2844 2307 2930; x_wconf 68' lang='lat' dir='ltr'>s’ctre&#39;7}</span> 
     </span>
     <span class='ocr_line' id='line_1_27' title="bbox 371 2934 2318 3037; baseline -0.004 -18"><span class='ocrx_word' id='word_1_184' title='bbox 371 2964 626 3037; x_wconf 77' lang='lat' dir='ltr'>trompee</span> <span class='ocrx_word' id='word_1_185' title='bbox 660 2979 731 3018; x_wconf 90' lang='lat' dir='ltr'>en</span> <span class='ocrx_word' id='word_1_186' title='bbox 780 2961 1078 3017; x_wconf 77' lang='lat' dir='ltr'>s&#39;ccartant</span> <span class='ocrx_word' id='word_1_187' title='bbox 1126 2960 1191 3016; x_wconf 92' lang='lat' dir='ltr'>de</span> <span class='ocrx_word' id='word_1_188' title='bbox 1228 2960 1279 3015; x_wconf 89' lang='grc'><strong>13</strong></span> <span class='ocrx_word' id='word_1_189' title='bbox 1326 2958 1500 3015; x_wconf 75' lang='lat' dir='ltr'>verite</span> <span class='ocrx_word' id='word_1_190' title='bbox 1549 2957 1913 3030; x_wconf 67' lang='lat' dir='ltr'>evangelique</span> <span class='ocrx_word' id='word_1_191' title='bbox 1957 2959 2010 3011; x_wconf 90' lang='lat' dir='ltr'>et</span> <span class='ocrx_word' id='word_1_192' title='bbox 2052 2955 2117 3010; x_wconf 90' lang='lat' dir='ltr'>de</span> <span class='ocrx_word' id='word_1_193' title='bbox 2158 2934 2318 3012; x_wconf 53' lang='lat' dir='ltr'>Pan-f</span> 
     </span>
     <span class='ocr_line' id='line_1_28' title="bbox 372 3037 2305 3127; baseline -0.003 -8"><span class='ocrx_word' id='word_1_194' title='bbox 372 3062 570 3119; x_wconf 89' lang='lat' dir='ltr'>cienne</span> <span class='ocrx_word' id='word_1_195' title='bbox 592 3061 881 3127; x_wconf 79' lang='lat' dir='ltr'>tradition,</span> <span class='ocrx_word' id='word_1_196' title='bbox 906 3066 959 3117; x_wconf 84' lang='lat' dir='ltr'>ct</span> <span class='ocrx_word' id='word_1_197' title='bbox 981 3059 1193 3117; x_wconf 68' lang='lat' dir='ltr'>d&#39;axcir</span> <span class='ocrx_word' id='word_1_198' title='bbox 1221 3061 1474 3116; x_wconf 76' lang='lat' dir='ltr'>entraine</span> <span class='ocrx_word' id='word_1_199' title='bbox 1501 3058 1639 3114; x_wconf 90' lang='lat' dir='ltr'>dans</span> <span class='ocrx_word' id='word_1_200' title='bbox 1667 3075 1767 3113; x_wconf 88' lang='lat' dir='ltr'>son</span> <span class='ocrx_word' id='word_1_201' title='bbox 1795 3073 1994 3112; x_wconf 83' lang='lat' dir='ltr'>erreur</span> <span class='ocrx_word' id='word_1_202' title='bbox 2016 3057 2066 3111; x_wconf 90' lang='lat' dir='ltr'>le</span> <span class='ocrx_word' id='word_1_203' title='bbox 2089 3037 2305 3118; x_wconf 52' lang='lat' dir='ltr'>mondei</span> 
     </span>
     <span class='ocr_line' id='line_1_29' title="bbox 375 3155 2311 3239; baseline -0.005 -21"><span class='ocrx_word' id='word_1_204' title='bbox 375 3162 717 3235; x_wconf 86' lang='lat' dir='ltr'>catholique.</span> <span class='ocrx_word' id='word_1_205' title='bbox 760 3161 974 3239; x_wconf 69' lang='lat' dir='ltr'>Voyons</span> <span class='ocrx_word' id='word_1_206' title='bbox 1022 3160 1067 3216; x_wconf 91' lang='lat' dir='ltr'>si</span> <span class='ocrx_word' id='word_1_207' title='bbox 1093 3161 1324 3216; x_wconf 82' lang='lat' dir='ltr'>Bossuct</span> <span class='ocrx_word' id='word_1_208' title='bbox 1371 3177 1442 3215; x_wconf 92' lang='lat' dir='ltr'>ne</span> <span class='ocrx_word' id='word_1_209' title='bbox 1490 3157 1733 3214; x_wconf 88' lang='lat' dir='ltr'>formule</span> <span class='ocrx_word' id='word_1_210' title='bbox 1771 3174 1868 3230; x_wconf 83' lang='lat' dir='ltr'>pas</span> <span class='ocrx_word' id='word_1_211' title='bbox 1896 3155 1949 3210; x_wconf 90' lang='grc'>13</span> <span class='ocrx_word' id='word_1_212' title='bbox 1994 3158 2176 3210; x_wconf 78' lang='lat' dir='ltr'>meme</span> <span class='ocrx_word' id='word_1_213' title='bbox 2203 3167 2311 3217; x_wconf 59' lang='lat' dir='ltr'>ac-wj</span> 
     </span>
     <span class='ocr_line' id='line_1_30' title="bbox 369 3253 2288 3332; baseline -0.006 -13"><span class='ocrx_word' id='word_1_214' title='bbox 369 3261 646 3319; x_wconf 85' lang='lat' dir='ltr'>cusation.</span> <span class='ocrx_word' id='word_1_215' title='bbox 681 3282 707 3313; x_wconf 90' lang='lat'>«</span> <span class='ocrx_word' id='word_1_216' title='bbox 729 3260 1059 3332; x_wconf 80' lang='lat' dir='ltr'>Gregorium</span> <span class='ocrx_word' id='word_1_217' title='bbox 1084 3259 1166 3313; x_wconf 77' lang='lat' dir='ltr'>Vll</span> <span class='ocrx_word' id='word_1_218' title='bbox 1191 3259 1425 3332; x_wconf 84' lang='lat' dir='ltr'>ejusque</span> <span class='ocrx_word' id='word_1_219' title='bbox 1444 3272 1798 3314; x_wconf 84' lang='lat' dir='ltr'>successores</span> <span class='ocrx_word' id='word_1_220' title='bbox 1821 3253 2035 3328; x_wconf 91' lang='lat' dir='ltr'>liquido</span> <span class='ocrx_word' id='word_1_221' title='bbox 2062 3254 2288 3310; x_wconf 45' lang='lat' dir='ltr'>demon-¹·</span> 
     </span>
     <span class='ocr_line' id='line_1_31' title="bbox 366 3352 2289 3433; baseline -0.006 -14"><span class='ocrx_word' id='word_1_222' title='bbox 366 3360 667 3420; x_wconf 87' lang='lat' dir='ltr'>stravimus</span> <span class='ocrx_word' id='word_1_223' title='bbox 711 3361 1040 3433; x_wconf 76' lang='lat' dir='ltr'>evangelicae</span> <span class='ocrx_word' id='word_1_224' title='bbox 1083 3357 1304 3415; x_wconf 86' lang='lat' dir='ltr'>veritati</span> <span class='ocrx_word' id='word_1_225' title='bbox 1343 3362 1396 3413; x_wconf 93' lang='lat' dir='ltr'>et</span> <span class='ocrx_word' id='word_1_226' title='bbox 1433 3355 1842 3430; x_wconf 86' lang='lat' dir='ltr'>antiquissimae</span> <span class='ocrx_word' id='word_1_227' title='bbox 1881 3352 2167 3410; x_wconf 84' lang='lat' dir='ltr'>traditioni</span> <span class='ocrx_word' id='word_1_228' title='bbox 2209 3360 2289 3408; x_wconf 80' lang='lat' dir='ltr'>re‘·</span> 
     </span>
     <span class='ocr_line' id='line_1_32' title="bbox 368 3449 2340 3539; baseline -0.007 -19"><span class='ocrx_word' id='word_1_229' title='bbox 368 3480 666 3539; x_wconf 81' lang='lat' dir='ltr'>pugnasse,</span> <span class='ocrx_word' id='word_1_230' title='bbox 718 3479 848 3518; x_wconf 92' lang='lat' dir='ltr'>cum</span> <span class='ocrx_word' id='word_1_231' title='bbox 904 3477 1061 3534; x_wconf 87' lang='lat' dir='ltr'>reges</span> <span class='ocrx_word' id='word_1_232' title='bbox 1124 3459 1401 3534; x_wconf 83' lang='lat' dir='ltr'>deponere</span> <span class='ocrx_word' id='word_1_233' title='bbox 1447 3457 1692 3531; x_wconf 79' lang='lat' dir='ltr'>aggressi</span> <span class='ocrx_word' id='word_1_234' title='bbox 1747 3460 1898 3512; x_wconf 88' lang='lat' dir='ltr'>sunt.</span> <span class='ocrx_word' id='word_1_235' title='bbox 1949 3457 2023 3511; x_wconf 80' lang='lat' dir='ltr'>Ac</span> <span class='ocrx_word' id='word_1_236' title='bbox 2066 3449 2293 3509; x_wconf 81' lang='lat' dir='ltr'>tametsi·</span> <span class='ocrx_word' id='word_1_237' title='bbox 2338 3471 2340 3498; x_wconf 65' lang='lat'><em>2</em></span> 
     </span>
     <span class='ocr_line' id='line_1_33' title="bbox 367 3539 2340 3637; baseline -0.007 -17"><span class='ocrx_word' id='word_1_238' title='bbox 367 3582 513 3630; x_wconf 88' lang='lat' dir='ltr'>eam,</span> <span class='ocrx_word' id='word_1_239' title='bbox 555 3580 726 3637; x_wconf 88' lang='lat' dir='ltr'>quam</span> <span class='ocrx_word' id='word_1_240' title='bbox 763 3565 845 3616; x_wconf 87' lang='lat' dir='ltr'>tot</span> <span class='ocrx_word' id='word_1_241' title='bbox 880 3558 1331 3616; x_wconf 76' lang='lat' dir='ltr'>anathematibus</span> <span class='ocrx_word' id='word_1_242' title='bbox 1360 3557 1779 3632; x_wconf 85' lang='lat' dir='ltr'>exequebantur</span> <span class='ocrx_word' id='word_1_243' title='bbox 1820 3539 1998 3612; x_wconf 88' lang='lat' dir='ltr'>animi</span> <span class='ocrx_word' id='word_1_244' title='bbox 2035 3553 2123 3610; x_wconf 88' lang='lat' dir='ltr'>sui</span> <span class='ocrx_word' id='word_1_245' title='bbox 2167 3569 2284 3609; x_wconf 88' lang='lat' dir='ltr'>sen·</span> <span class='ocrx_word' id='word_1_246' title='bbox 2338 3539 2340 3614; x_wconf 68' lang='grc' dir='ltr'><em>ὲ</em></span> 
     </span>
     <span class='ocr_line' id='line_1_34' title="bbox 367 3651 2340 3735; baseline -0.007 -16"><span class='ocrx_word' id='word_1_247' title='bbox 367 3661 621 3728; x_wconf 89' lang='lat' dir='ltr'>tentiam,</span> <span class='ocrx_word' id='word_1_248' title='bbox 651 3677 834 3735; x_wconf 89' lang='lat' dir='ltr'>neque</span> <span class='ocrx_word' id='word_1_249' title='bbox 859 3676 1119 3734; x_wconf 83' lang='lat' dir='ltr'>expresso</span> <span class='ocrx_word' id='word_1_250' title='bbox 1139 3676 1350 3715; x_wconf 87' lang='lat' dir='ltr'>canone</span> <span class='ocrx_word' id='word_1_251' title='bbox 1374 3657 1686 3724; x_wconf 85' lang='lat' dir='ltr'>firmarent,</span> <span class='ocrx_word' id='word_1_252' title='bbox 1708 3674 1892 3730; x_wconf 89' lang='lat' dir='ltr'>neque</span> <span class='ocrx_word' id='word_1_253' title='bbox 1918 3654 1976 3710; x_wconf 88' lang='lat' dir='ltr'>in</span> <span class='ocrx_word' id='word_1_254' title='bbox 2003 3651 2283 3710; x_wconf 85' lang='lat' dir='ltr'>ecclesias-</span> <span class='ocrx_word' id='word_1_255' title='bbox 2337 3659 2340 3713; x_wconf 78' lang='lat'>⁴}</span> 
     </span>
     <span class='ocr_line' id='line_1_35' title="bbox 304 3748 2340 3835; baseline -0.007 -17"><span class='ocrx_word' id='word_1_256' title='bbox 304 3795 307 3797; x_wconf 58' lang='lat'>&gt;</span> <span class='ocrx_word' id='word_1_257' title='bbox 370 3761 550 3818; x_wconf 89' lang='lat' dir='ltr'>ticum</span> <span class='ocrx_word' id='word_1_258' title='bbox 582 3761 783 3835; x_wconf 88' lang='lat' dir='ltr'>dogma</span> <span class='ocrx_word' id='word_1_259' title='bbox 807 3758 1142 3832; x_wconf 83' lang='lat' dir='ltr'>redigerent,</span> <span class='ocrx_word' id='word_1_260' title='bbox 1177 3762 1367 3814; x_wconf 90' lang='lat' dir='ltr'>tamen</span> <span class='ocrx_word' id='word_1_261' title='bbox 1396 3755 1652 3813; x_wconf 84' lang='lat' dir='ltr'>Ecclesiae</span> <span class='ocrx_word' id='word_1_262' title='bbox 1685 3751 1942 3831; x_wconf 87' lang='lat' dir='ltr'>potestati</span> <span class='ocrx_word' id='word_1_263' title='bbox 1972 3749 2280 3809; x_wconf 85' lang='lat' dir='ltr'>conflabant</span> <span class='ocrx_word' id='word_1_264' title='bbox 2310 3748 2340 3804; x_wconf 69' lang='lat' dir='ltr'>ol</span> 
     </span>
    </p>
   </div>
   <div class='ocr_carea' id='block_1_8' title="bbox 2324 3880 2340 3951">
    <p class='ocr_par' dir='ltr' id='par_1_12' title="bbox 2324 3880 2340 3951">
     <span class='ocr_line' id='line_1_36' title="bbox 2324 3880 2340 3951; baseline 0 0"><span class='ocrx_word' id='word_1_265' title='bbox 2324 3880 2340 3951; x_wconf 53' lang='grc' dir='ltr'>ἡ</span> 
     </span>
    </p>
   </div>
  </div>
 </body>
</html>
