2340 3990
934 323 1060 372 PARS
1088 321 1293 377 QUARTA
1303 355 1315 368 .
1969 317 2059 364 247

197 431 567 508 praevalerent.
597 430 762 486 Porro
789 427 1042 504 promisit
1076 424 1322 482 Christus
1357 419 1653 494 Ecclesiam
1685 437 1844 478 suam
1880 438 2058 496 usque

200 531 267 588 ad
292 531 456 586 finem
483 526 676 585 mundi
708 543 1147 603 permansuram,
1182 530 1236 583 et
1260 540 1473 599 semper
1498 521 1616 579 fore
1647 518 1930 579 infernalis
1959 539 2056 597 po-

199 628 408 687 testatis
431 625 732 684 victricem.

273 726 544 781 Paorosrno
583 722 654 777 2¹.
694 752 761 761 -
798 720 854 777 Si
894 719 1119 775 Ecclesia
1159 719 1381 776 indebite
1412 719 1508 774 sibi
1538 735 1636 792 per
1667 719 1878 791 praxim
1911 733 2060 773 suam

198 825 479 881 vindicaret
500 818 724 890 aliquam
748 823 1081 888 potestatem,
1116 823 1368 889 quatenus
1393 818 1514 887 jure
1541 815 1712 870 divino
1743 815 1839 870 sibi
1864 832 2063 888 compe-

201 930 408 985 tentem,
449 921 644 973 erraret
679 916 812 970 circa
842 914 996 987 fidem
1032 922 1080 970 et
1115 932 1302 970 mores,
1328 913 1549 969 -Dum
1575 913 1724 968 enim
1763 913 1929 970 talem
1968 932 2064 987 po-

199 1021 441 1076 testatem
473 1030 570 1087 per
611 1010 843 1086 praxim,
891 1011 944 1066 id
982 1017 1082 1078 est,
1127 1029 1250 1067 eam
1287 1009 1613 1076 exercendo,
1660 1010 1765 1066 sibi
1801 1010 2063 1082 vindicat,

197 1112 419 1190 perinde
457 1114 538 1166 est
582 1126 641 1164 ac
682 1108 725 1163 si
764 1125 1019 1183 expresse
1071 1107 1239 1163 simul
1281 1106 1605 1174 declararet,
1644 1107 1738 1179 jus
1772 1107 1921 1163 istud
1960 1108 2066 1165 sibi

197 1214 522 1285 competere.
549 1206 607 1262 Id
643 1205 789 1274 enim
817 1222 925 1260 non
957 1209 1138 1279 potest
1171 1202 1347 1276 magis
1380 1209 1564 1276 aperte
1595 1203 1864 1276 profiteri,
1894 1224 2063 1279 quam

193 1324 289 1381 per
316 1303 578 1378 ejusmodi
604 1302 883 1378 publicam
916 1301 1149 1377 praxim.
1173 1301 1346 1374 Igitur
1373 1299 1418 1356 si
1440 1300 1543 1355 hoc
1564 1299 1765 1356 falsum
1791 1300 1946 1373 soret,
1982 1321 2064 1359 er-

192 1408 336 1460 raret
358 1403 536 1476 quoad
554 1402 714 1458 istam
735 1401 1049 1458 veritatem:
1078 1401 1216 1457 Talis
1234 1407 1468 1472 potestas
1477 1401 1597 1472 jure
1622 1400 1792 1454 divino
1818 1399 2066 1458 Ecclesiae

188 1518 290 1556 non
313 1502 570 1574 competit3
600 1516 722 1571 quae
746 1497 945 1554 veritas
979 1497 1283 1570 dogmatica
1311 1501 1412 1553 est.
1435 1496 1608 1552 Simul
1637 1493 1823 1552 autem
1852 1505 2063 1556 erraret

187 1604 375 1656 contra
424 1617 629 1669 moreS,
682 1598 995 1672 legitimum
1047 1597 1409 1672 supponendo
1463 1602 1516 1653 et
1545 1597 1938 1671 aequivalenter
1970 1600 2061 1657 de·

189 1699 441 1756 clarando
485 1704 668 1756 actum
699 1716 884 1766 suum,
924 1697 1022 1771 qui
1046 1703 1228 1753 tamen
1263 1696 1511 1770 injustus
1545 1697 1683 1754 foret
1720 1704 1773 1755 et
1806 1698 2057 1755 illicitus.

257 1798 533 1853 Pnorosmo
576 1797 648 1855 5³.
687 1829 755 1836 —
786 1796 922 1868 Eryo
959 1796 1146 1867 praxis
1173 1794 1235 1848 de
1262 1812 1363 1866 qua
1404 1794 1702 1849 disserimus
1732 1797 1919 1868 probat
1946 1798 2054 1869 jue.

188 1925 254 1934 —
284 1894 419 1947 Nam
455 1892 508 1947 1⁰
547 1896 631 1947 est
667 1891 848 1965 praxis
882 1891 1210 1946 universalis
1246 1890 1534 1959 Ecclesiae3
1567 1891 1861 1964 siquidem,
1894 1897 2062 1964 prout

188 1991 457 2078 superiori
485 1990 658 2064 capite
699 1990 856 2045 factis
895 2008 959 2046 ex
1004 2007 1338 2062 unoquoque
1371 1989 1571 2044 saeculo
1602 1989 1855 2045 deductis
1882 1995 2062 2046 oston-

189 2090 396 2159 dimuS,
435 2090 632 2146 dictam
671 2094 993 2163 potestatem
1036 2088 1142 2143 sibi
1178 2088 1475 2144 vindicavit
1515 2107 1769 2163 suprema
1810 2089 2063 2145 Ecclesiae

188 2185 501 2255 auctoritaS,
532 2185 587 2240 id
613 2190 713 2253 est,
759 2183 987 2239 Romani
1021 2182 1307 2239 Pontifices
1340 2190 1393 2239 et
1434 2185 1662 2240 concilia
1700 2187 2057 2244 oecumenica.

184 2284 245 2339 Et
270 2284 485 2356 quando
513 2283 812 2357 Episcopus
839 2281 1062 2355 aliquis,
1090 2282 1380 2356 aliquodve
1411 2282 1708 2338 concilium
1735 2282 2064 2356 particulare

180 2381 271 2454 jus
298 2381 443 2436 istud
477 2381 535 2435 in
560 2399 678 2437 rem
711 2381 1067 2455 temporalem
1099 2380 1424 2437 societatum
1454 2380 1701 2436 civilium
1729 2380 1835 2436 sibi
1861 2381 2064 2454 pariter

187 2477 555 2550 vindicarunt,
590 2497 702 2534 non
727 2479 1043 2553 increpavit,
1082 2479 1175 2535 sed
1205 2478 1436 2534 assensit
1469 2495 1731 2553 suprema
1768 2478 1938 2533 totius
1966 2478 2062 2534 Ec-

187 2575 363 2631 clesiae
392 2576 707 2633 auctoritas.
735 2577 872 2651 Ergo
892 2595 1089 2645 vrevera
1123 2577 1265 2633 dicta
1295 2577 1478 2652 praxis
1517 2576 1736 2651 ipsimet
1763 2576 2061 2632 universali

188 2671 437 2729 Ecclesiae
482 2674 770 2730 tribuenda
809 2681 911 2732 est.
967 2675 1021 2730 2⁰
1066 2675 1342 2749 Ejusmodi
1385 2679 1711 2750 potestatem
1751 2674 1809 2730 in
1852 2680 2060 2748 tempo-

190 2770 323 2826 ralia
359 2771 465 2826 sibi
491 2771 784 2828 vindicavit
807 2773 1063 2840 Ecclesia,
1092 2779 1362 2846 quatenus
1390 2774 1518 2848 jure
1543 2773 1729 2829 divino
1772 2771 1878 2828 sibi
1911 2789 2058 2828 corn-

190 2874 484 2942 petentem,
518 2875 682 2942 prout
713 2887 778 2925 ex
811 2870 1061 2944 ipsismet
1089 2871 1244 2928 factis
1283 2878 1336 2927 et
1360 2870 1709 2928 documentis
1732 2871 1855 2926 luce
1893 2868 2058 2926 meri-

190 2966 350 3022 diana
392 2967 592 3022 clarius
638 2974 867 3024 constat.
922 2969 1024 3032 Qui
1069 2976 1252 3026 autem
1294 2971 1556 3026 effutiunt
1603 2989 1669 3026 ex
1708 2969 2058 3025 concessione

191 3065 469 3121 dumtaxat
498 3066 832 3140 principum,
872 3086 983 3123 non
1027 3074 1209 3124 autem
1247 3070 1371 3142 jure
1410 3069 1616 3135 divin0,
1647 3068 1851 3124 dictam
1887 3075 2060 3143 potes·

192 3166 356 3219 tatem
393 3163 648 3220 Ecclesiae
690 3166 971 3240 obtigisse,
1014 3186 1111 3241 ego
1150 3186 1260 3223 non
1304 3168 1550 3241 intelligo
1594 3167 1872 3241 quomodo
1918 3167 2060 3222 bona

197 3257 299 3313 fide
329 3260 408 3316 sic
444 3261 594 3335 loqui
632 3264 860 3332 valeant,
904 3266 950 3321 si
992 3265 1319 3323 documenta
1355 3267 1440 3323 vel
1472 3267 1736 3341 tantisper
1767 3264 2052 3322 volverint.

198 3352 453 3412 Caeterum
488 3366 753 3418 assertum
793 3363 936 3420 istud
975 3364 1264 3439 Bossuetii,
1317 3365 1462 3441 quod
1504 3371 1687 3421 nostra
1744 3368 1895 3419 {etate
1941 3365 2052 3414 tam

198 3449 430 3508 infauste
467 3460 756 3516 recantavit
789 3462 1130 3537 Sulpitianus
1162 3465 1435 3535 Gosselin‚
1468 3484 1635 3540 supra
1667 3465 1782 3537 jam
1813 3459 2055 3516 confuta-

199 3546 392 3603 vimus.
421 3548 554 3623 Ergo
569 3554 783 3627 plenam
809 3560 919 3615 vim
941 3561 1099 3619 habet
1120 3570 1509 3637 argumentum
1537 3580 1601 3619 ex
1629 3557 1883 3616 Ecclesiae
1900 3556 2054 3631 praxi

198 3644 514 3701 deductum.
