2340 4062
860 309 988 357 PARS
1016 308 1239 362 QUARTA.
1934 308 1995 355 65

185 419 355 494 Igitur
372 416 576 474 Okamo
594 422 646 474 et
662 414 932 479 Almaino‚
953 411 1414 488 licetApostolicae
1435 410 1551 467 sedi
1570 410 1985 482 infensissimiS,

112 518 418 576 indubitata
446 515 551 571 suit
574 511 804 571 Romani
826 510 1104 566 Pontificis
1132 510 1329 566 multis
1350 510 1408 565 in
1429 509 1646 566 casibus
1670 515 1911 584 potestas
1934 510 1991 566 in

111 635 230 675 rem
255 614 608 688 temporalem
638 611 866 683 Regum.

188 714 248 768 Il.
280 713 504 768 Joannes
529 709 592 763 de
614 706 851 763 Parisiis.
872 701 1180 758 —Ordinis
1205 702 1656 774 Praedicatorum,
1685 702 1744 758 in
1772 703 1994 760 univer-

113 810 272 866 sitate
291 806 576 866 parisiensi
597 806 787 861 doctor
807 809 861 860 et
887 801 1186 876 professor,
1219 806 1369 856 totus
1404 801 1633 858 adhaesit
1659 802 1786 876 Regi
1813 803 1996 858 Galliae

112 908 358 983 Philippo
398 883 630 961 Pulchro
673 906 863 958 contra
895 898 1236 955 Bonifacium
1273 899 1473 971 Papam
1501 900 1628 955 VIII.
1667 899 1811 955 Obiit
1851 918 1995 956 anno

114 1005 280 1061 1504.
306 1003 410 1078 Ipsi
429 1008 489 1059 ut
507 1000 760 1072 theologo
783 997 940 1053 nulla
960 994 1278 1060 auctoritas;
1307 999 1372 1050 ut
1398 995 1661 1051 historico
1685 998 1836 1052 nulla
1862 997 1997 1054 fides

114 1103 259 1176 apud
286 1101 550 1158 eruditos.
580 1097 684 1172 Ipsi
718 1094 1092 1152 nihilominus
1117 1093 1426 1148 indubitata
1451 1093 1687 1148 Romani
1717 1094 1997 1152 Pontificis

113 1199 292 1272 aliqua
322 1202 559 1272 potestas
591 1197 649 1251 in
675 1213 793 1251 rem
823 1192 1186 1266 temporalem
1216 1208 1434 1263 regum,
1475 1196 1537 1246 ut
1577 1196 1724 1264 patet
1762 1209 1998 1265 sequen-

113 1296 264 1352 tibus
288 1296 528 1352 textibus
558 1317 568 1348 :

190 1393 374 1466 «Papa
407 1410 557 1459 vem,
598 1389 726 1463 quia
767 1394 849 1445 est
882 1405 1207 1463 supremum
1239 1392 1422 1461 caput,
1471 1404 1582 1441 non
1617 1387 1799 1442 solum
1838 1386 1999 1442 cleri-

115 1506 328 1553 corum,
359 1487 453 1544 sed
486 1493 539 1544 et
558 1486 886 1560 generaliter
913 1486 1164 1541 omnium
1201 1483 1471 1548 fidelium,
1515 1489 1578 1538 ut
1615 1483 1804 1538 fideles
1842 1488 1992 1549 sunt,

114 1591 370 1659 tanquam
391 1584 660 1658 generalis
681 1583 1009 1638 informator
1033 1582 1157 1637 fidei
1184 1586 1237 1637 et
1262 1598 1503 1646 morum,
1526 1580 1583 1634 in
1602 1598 1733 1636 casu
1762 1599 1996 1636 summae

74 1682 80 1688 ’
116 1682 456 1738 necessitatis
482 1681 606 1735 fidei
634 1686 686 1735 et
712 1698 929 1734 morum
979 1679 1055 1752 (in
1083 1698 1192 1752 quo
1218 1698 1349 1735 casu
1377 1679 1559 1734 omnia
1579 1679 1720 1734 bona
1748 1678 1996 1734 fidelium

118 1782 249 1831 sunt
271 1775 581 1830 communia
604 1780 656 1828 et
680 1773 1162 1838 communicanda,
1181 1775 1344 1829 etiam
1364 1774 1565 1830 calices
1585 1775 1994 1846 ecclesiarum),

118 1873 283 1928 habet
315 1873 455 1926 bona
486 1871 751 1926 exteriora
783 1870 1029 1924 fidelium
1060 1870 1375 1943 dispensare
1395 1880 1445 1927 et
1468 1874 1784 1945 exponenda
1813 1875 1998 1930 decer-

117 1985 268 2034 nere,
294 1972 458 2039 prout
482 1947 1034 2038 expedifnecessitati
1066 1966 1381 2020 communis
1415 1967 1561 2022 fidei.
1588 1990 1613 2018 »
1650 1970 1907 2038 (Joannes
1935 1971 1999 2024 de

115 2064 350 2133 Parisiis,
391 2065 433 2119 T
431 2073 561 2118 raet.
596 2065 871 2134 deposeat.
905 2081 1012 2133 req.
1046 2071 1093 2117 et
1114 2064 1323 2134 papal.,
1357 2081 1405 2119 c.
1435 2071 1544 2135 vu.)

193 2183 220 2213 α
245 2161 298 2215 Si
339 2167 481 2217 esset
520 2162 669 2232 (Rex)
709 2161 995 2215 haereticus
1037 2166 1088 2215 et
1127 2160 1518 2233 incorrigibilis
1556 2168 1608 2217 et
1654 2170 2002 2237 contemptor

114 2259 496 2317 ecclesiasticae
534 2276 801 2322 censurae,
844 2263 1026 2331 posset
1053 2258 1189 2330 Papa
1216 2257 1426 2329 aliquid
1468 2259 1647 2315 facere
1674 2260 1730 2314 in
1773 2263 1997 2334 populo,

114 2359 260 2414 unde
296 2356 601 2430 privaretur
635 2356 728 2427 ille
773 2355 1018 2410 saeculari
1058 2355 1286 2419 honore,
1339 2361 1390 2409 et
1434 2356 1804 2428 deponeretur
1839 2378 1867 2413 a
1908 2379 2001 2432 po-

115 2456 279 2529 pulo:
309 2459 362 2510 et
387 2454 500 2509 haec
525 2454 721 2510 faceret
750 2453 887 2526 Papa
920 2451 977 2506 in
1003 2452 1240 2507 crimine
1268 2453 1660 2525 ecclesiastico,
1691 2457 1852 2529 cujus
1878 2477 1999 2532 cog-

116 2552 252 2606 nitio
279 2551 347 2606 ad
374 2550 555 2624 ipsum
586 2549 843 2623 pertinet,
874 2548 1406 2604 excommunicando
1437 2549 1645 2630 scilicet
1682 2571 1874 2609 omnes
1903 2556 1998 2626 qui

117 2647 167 2702 ci
195 2652 255 2702 ut
281 2646 503 2701 domino
546 2645 866 2709 obedirent;
900 2644 1058 2700 etsie
1085 2644 1326 2717 populus
1363 2645 1544 2717 ipsum
1589 2645 1906 2719 deponeret,
1949 2653 2001 2702 et

117 2744 254 2817 Papa
280 2761 377 2816 per
407 2744 673 2799 accidens.
705 2765 731 2794 »
766 2742 949 2814 (Ibid.‚
988 2759 1036 2796 c,
1073 2742 1186 2813 xn.)

192 2841 454 2914 Equidem
482 2840 763 2914 subjungit
798 2840 1032 2894 Joannes
1059 2838 1127 2894 de
1171 2840 1393 2896 Parisiis
1434 2859 1592 2915 posse
1623 2843 1870 2898 vicissim
1906 2844 1999 2898 Pa-

119 2957 242 3013 pam
266 2957 295 2994 a
320 2938 459 3010 Rege
486 2938 683 3011 deponi
707 2955 800 3009 per
826 2937 1082 2998 accidens‚·
1112 2937 1206 2992 sed
1237 2937 1384 2993 istud
1415 2939 1861 3014 delyramentum
1893 2941 1997 3014 ipsi

118 3036 283 3091 etiam
308 3035 566 3091 Gallicani
595 3032 903 3108 systematis
930 3050 1191 3104 sequaces
1217 3034 1497 3106 rejiciunt.
1529 3037 1593 3091 Et
1622 3044 1874 3093 remanet
1904 3039 1997 3092 ad-

120 3130 343 3186 missam
366 3131 435 3185 ab
465 3131 568 3186 isto
597 3129 862 3203 scriptore
886 3127 1140 3201 Papalem
1159 3134 1482 3202 potestatem
1508 3150 1665 3206 reges
1682 3134 1993 3207 deponendi

124 3234 268 3284 certo
300 3230 461 3284 modo
503 3236 556 3284 et
598 3229 654 3283 in
688 3227 850 3284 certis
890 3225 1127 3282 casibus,
1179 3226 1350 3289 Quam
1390 3231 1512 3302 ejus
1558 3231 1867 3287 doctrinam
1919 3232 1996 3285 sic

124 3322 370 3379 exhibuit
393 3324 628 3390 Almain,
657 3325 714 3379 in
743 3326 843 3379 hac
871 3342 933 3380 re
958 3339 1069 3377 non
1097 3333 1386 3397 suspectus
1417 3348 1427 3379 :

203 3418 382 3475 «Dicit
416 3422 648 3478 Joannes
684 3423 751 3478 de
789 3422 1011 3481 Parisiis
1044 3426 1285 3482 breviter
1323 3425 1468 3498 quod
1513 3432 1737 3501 propter
1771 3425 1988 3480 nullum

126 3515 333 3571 crimen
357 3516 658 3589 spirituale,
689 3519 804 3575 sive
831 3520 1010 3587 civile,
1041 3528 1247 3596 spectat
1278 3523 1344 3577 ad
1374 3523 1573 3597 Papam
1604 3524 1990 3595 imperatorem

128 3611 423 3683 deponere,
447 3611 552 3667 nisi
578 3613 644 3668 de
665 3631 763 3687 per
786 3616 1112 3674 accidens...
1156 3618 1272 3673 Non
1309 3623 1487 3691 potest
1519 3618 1655 3690 Papa
1695 3614 1836 3668 ferre
1870 3629 1993 3667 sen·
