2340 3990
821 274 951 322 PARS
981 274 1194 321 OCTAVA.
1872 275 1960 322 56¹1

78 382 309 447 venerim
339 381 466 456 quia
489 398 598 437 non
623 384 706 436 est
731 397 932 454 corpus
960 379 1212 436 Ecclesiae
1230 379 1441 452 absque
1467 378 1666 453 capite,
1699 383 1754 435 et
1774 379 1960 436 omnis

0 505 2 542 i
76 498 141 540 ex
164 480 340 554 capite
369 477 561 534 defluit
587 476 644 532 in
669 461 919 532 membra
947 481 1208 550 potestas.
1234 497 1262 528 »
1297 508 1364 517 —
1386 474 1679 548 Gregorius
1725 473 1771 528 11
1796 492 1960 552 syno-

0 564 2 634 ᾗ
73 581 209 637 dum
232 578 338 635 500
363 577 778 650 Episcoporum‚
807 575 876 630 ab
899 575 1228 649 imperatore
1253 574 1429 631 Leone
1448 575 1633 632 Isauro
1650 575 1962 632 Constanti-

74 674 261 749 nopoli
288 678 638 728 convocatam
671 689 817 727 anno
846 672 971 738 750,
1006 673 1321 746 reprobavit
1353 691 1419 730 ex
1456 690 1519 730 ea
1547 673 1782 740 ratione,
1813 673 1959 747 quod

0 798 1 806 ¹
73 773 192 830 sine
220 770 446 826 Romani
481 769 734 842 Episcopi
762 770 1088 827 auctoritate
1119 771 1392 827 celebrata
1422 771 1637 828 suisset.
1667 770 1961 827 —Eadem

0 856 1 862 ἵ
73 870 140 926 de
178 886 340 925 causa
371 868 680 941 Stephanus
710 866 790 931 lv,
818 885 963 923 anno
994 869 1124 937 769,
1149 868 1459 943 reprobavit
1485 870 1960 942 pseudo-oecume-

71 967 262 1024 nicum
289 966 617 1032 concilium,
661 965 1130 1041 Constantinopoli
1164 986 1194 1023 a
1235 967 1589 1023 Constantino
1629 967 1959 1041 Copronimo

72 1073 462 1138 congregatum
503 1083 649 1121 anno
691 1066 818 1121 754.
842 1096 911 1105 —
948 1064 1149 1119 Eadem
1196 1064 1263 1120 de
1294 1082 1460 1120 causa
1500 1066 1857 1138 reprobatum
1899 1066 1958 1120 in

71 1164 304 1220 concilio
340 1162 691 1220 Lateranensi
714 1163 753 1215 V
781 1162 975 1216 Pisana
1015 1160 1281 1236 synoduS‚
1315 1164 1505 1215 contra
1541 1161 1754 1216 Julium
1788 1163 1835 1216 11
1874 1162 1957 1216 in-

73 1260 237 1325 dicta,
265 1277 410 1314 anno
438 1259 574 1314 1511
593 1257 902 1313 .—Eadem
930 1255 996 1312 de
1017 1274 1183 1311 causa
1209 1255 1488 1328 Eugenius
1507 1255 1589 1326 IV,
1614 1274 1757 1312 anno
1783 1258 1955 1329 1455,

71 1353 387 1427 reprobavit
423 1358 538 1407 acta
578 1351 763 1406 omnia
802 1351 995 1424 synodi
1026 1351 1374 1420 Basileensis‚
1413 1359 1631 1425 peracta
1670 1362 1791 1426 post
1833 1372 1957 1428 pro·

74 1448 378 1504 nuntiatam
410 1449 477 1502 ab
507 1447 628 1520 ipso
656 1446 1075 1502 dissolutionem
1102 1453 1152 1502 et
1178 1448 1621 1504 translationem.

148 1546 414 1599 Probatur
443 1544 498 1598 3⁰
536 1566 547 1597 :
588 1543 951 1599 conciliorum
978 1543 1324 1600 auctoritate.
1347 1546 1487 1600 —In
1527 1547 1764 1602 concilio
1799 1548 1957 1604 Chal-

65 1640 382 1705 cedonensi‚
420 1657 564 1695 anno
603 1641 735 1709 451,
769 1658 896 1695 cum
938 1659 967 1695 a
999 1640 1207 1713 Legatis
1242 1641 1396 1697 Sedis
1424 1643 1744 1716 Apostolicae
1771 1650 1960 1717 postu-

64 1735 239 1790 latum
285 1734 481 1790 fuisset
526 1752 626 1789 cur
658 1735 1094 1791 Alexandrinum
1143 1737 1516 1792 patriarcham
1557 1738 1884 1792 Dioscorum
1927 1757 1956 1794 e

65 1831 298 1890 concilio
324 1832 616 1904 expulsum
646 1833 868 1898 vellent,
911 1835 1355 1907 responderunt:
1396 1834 1529 1901 Quia
1571 1837 1825 1908 synodum
1865 1855 1958 1891 au-

63 1947 151 1986 sus
190 1938 264 1985 est
292 1931 467 2000 faeere
497 1931 611 1983 sine
637 1932 950 1984 auctoritate
978 1931 1128 1987 Sedis
1156 1930 1484 2002 Apostolicae‚
1528 1933 1664 2003 quod
1692 1952 1958 2004 nuti-quam

67 2026 258 2097 factum
285 2034 381 2090 est,
418 2045 510 2081 nec
536 2028 649 2097 sieri
686 2029 823 2082 licet.
858 2028 1010 2090 Quod
1039 2035 1315 2084 assertum
1348 2028 1581 2101 (scilicet
1606 2049 1870 2103 nimquam
1905 2033 1959 2087 id

65 2126 256 2198 [actum
294 2126 476 2196 fnisse,
511 2142 604 2179 nec
627 2127 741 2196 sieri
769 2126 967 2197 licere),
997 2132 1219 2198 patrum
1260 2127 1451 2182 nullus
1490 2127 1854 2201 impugnavit.
1890 2162 1959 2170 —

66 2220 216 2276 Anno
259 2220 364 2276 502
408 2221 707 2277 concilium
740 2223 1051 2278 Romanum
1093 2223 1230 2279 actis
1274 2224 1391 2279 suis
1430 2224 1603 2280 inseri
1644 2226 1819 2281 voluit
1858 2227 1962 2282 En-

67 2319 217 2374 nodii
249 2319 465 2375 diaconi
500 2339 598 2392 pro
630 2319 965 2395 Symmacho
1003 2322 1143 2394 Papa
1184 2323 1391 2377 librum
1429 2324 1855 2397 apologeticum.
1899 2325 1958 2379 In

67 2430 174 2485 quo
221 2414 424 2486 scripto
457 2416 596 2468 hanc
635 2414 739 2468 sibi
771 2414 889 2470 fieri
925 2415 1290 2487 objectionem
1326 2418 1622 2491 supponit:
1659 2419 1794 2490 Erqo
1837 2438 1958 2474 con-

65 2510 184 2564 cilia
214 2511 539 2578 sacerdotum
567 2511 926 2566 ecclesiasticis
959 2512 1152 2583 leqibus
1186 2517 1465 2584 quotannis
1495 2515 1701 2569 decreta
1717 2533 1815 2587 per
1831 2534 1960 2587 pro-

66 2605 281 2674 vincias,
309 2608 430 2677 quia
468 2608 800 2677 praesentiam
822 2606 984 2678 Papae
1015 2626 1118 2661 non
1149 2608 1357 2671 habent,
1396 2609 1747 2663 valetudinem
1775 2611 1956 2681 perdi·

3 2743 5 2746 Α
66 2700 282 2755 derunt?
310 2702 371 2754 Et
404 2702 481 2755 sic
514 2703 808 2774 respondet
834 2723 844 2754 ε
876 2702 1067 2773 Leqite,
1096 2706 1436 2774 insanissimi,
1469 2705 1751 2775 aliquando
1780 2708 1831 2758 in
1855 2706 1958 2758 illis

62 2803 258 2867 praeter
286 2795 564 2866 Apostolici
602 2798 765 2866 apicis
793 2800 1114 2851 sanctionem
1148 2799 1346 2868 aliquid
1374 2801 1736 2866 constitutum,
1773 2806 1822 2852 et
1852 2816 1955 2852 non

69 2891 131 2946 de
155 2892 436 2961 meroribus
469 2893 685 2961 negotiis
717 2891 913 2962 siquid
948 2894 1245 2956 occurrerit,
1278 2895 1521 2963 praefatae
1557 2894 1695 2948 sedis
1735 2895 1949 2948 arbitrio

65 2989 223 3061 fuisse
249 2996 533 3043 servatum.
556 2975 950 3043 ÷Concilium
979 2988 1383 3043 oecumenicum
1409 2989 1772 3046 Lateranense
1798 2991 1960 3063 quin-

64 3085 204 3148 tum,
236 3085 339 3139 sub
365 3083 537 3140 Leone
555 3085 615 3152 X,
648 3084 894 3140 sessione
923 3085 1242 3151 undecima,
1273 3085 1346 3140 ita
1373 3088 1747 3159 pronuntiavit
1775 3109 1784 3141 :
1820 3110 1845 3140 «
1868 3089 1958 3143 So-

64 3175 181 3232 lum
217 3178 526 3234 Romanum
567 3179 908 3246 Pontificem,
962 3186 1228 3252 tanquam
1279 3198 1446 3254 super
1491 3183 1677 3237 omnia
1720 3182 1958 3238 concilia

66 3276 445 3331 auctoritatem
474 3277 789 3348 habentem,
822 3277 1189 3332 conciliorum
1230 3278 1671 3347 indicendorum,
1716 3280 1954 3335 transfe-

66 3370 366 3425 rendorum
407 3386 470 3424 ac
503 3369 978 3426 dissolvendorum
1020 3372 1251 3445 plenum
1291 3373 1382 3445 jus
1424 3380 1474 3429 et
1511 3379 1837 3445 potestatem
1868 3375 1958 3429 ha-

64 3463 213 3536 bere,
243 3465 447 3522 nedum
473 3482 538 3520 ex
567 3464 741 3521 Sacrae
767 3467 1062 3540 Scripturae
1084 3469 1423 3534 testimoni0‚
1453 3469 1615 3525 dictis
1641 3475 1956 3525 sanctorum

63 3560 286 3618 Patrum
315 3579 377 3617 ac
399 3562 635 3618 aliorum
653 3562 1027 3620 Romanorum
1047 3565 1399 3637 Pontificum,
1421 3567 1513 3622 sed
1538 3567 1758 3640 propria
1784 3567 1952 3623 etiam
