2340 4062
841 323 971 370 PARS
997 321 1212 376 QUARTA.
1495 323 1497 328 ’
1907 321 1964 367 99

105 447 321 489 versum
346 436 529 486 actum
556 428 747 494 fuisse,
773 445 873 485 nec
906 429 1163 507 decenter
1186 445 1216 483 a
1250 424 1532 483 catholicis
1567 426 1686 499 ejus
1725 428 1967 484 auctori·

104 533 271 585 tatem
295 524 522 600 allegari
547 542 724 600 posse.
744 523 830 593 At,
849 528 1046 598 praeter
1061 523 1268 598 ipsum,
1289 522 1475 578 nullus
1501 522 1645 595 apud
1663 522 1964 580 catholicos

105 623 409 698 reperietur
430 621 526 697 qui
551 619 796 677 docuerit
813 636 973 693 posse
988 619 1186 693 Papam
1211 638 1242 675 a
1265 620 1407 692 Rege
1431 618 1648 694 deponi.

180 719 312 775 Cum
335 717 576 792 apprime
592 715 758 773 sciret
779 714 1096 771 Bossuetius
1118 721 1304 771 actum
1331 733 1449 772 esse
1474 715 1540 772 de
1557 733 1659 772 suo
1686 715 1966 773 Gallicano

110 821 417 891 systemate,
443 814 491 870 si
522 831 619 888 pro
643 811 822 868 valido
849 811 1147 867 haberetur
1179 818 1572 885 argumentum
1593 831 1655 869 ex
1681 792 1968 869 doctorum

110 913 307 969 scholae
344 910 694 968 consensione
716 910 1032 977 deductum,
1061 915 1174 965 toto
1210 908 1331 964 nisu
1361 911 1566 966 hancce
1592 911 1970 968 auctoritatem

109 1006 402 1064 convellere
439 1004 691 1066 tentavit3
730 1003 786 1059 in
824 1021 987 1078 quem
1027 1003 1193 1059 finem
1235 1003 1464 1076 injurias
1507 1004 1674 1060 etiam
1715 1006 1972 1064 adhibuit

112 1104 255 1176 (vide
282 1103 425 1160 Verbi
462 1105 648 1174 qratia,
675 1101 770 1158 lib.
815 1103 895 1173 IV,
929 1120 1045 1177 cap.
1083 1102 1243 1174 xvm),
1277 1101 1370 1158 sed
1411 1101 1684 1178 ejusmodi
1727 1105 1972 1161 convicia

112 1199 169 1255 in
192 1199 434 1255 doctores
457 1198 656 1255 scholae
672 1217 702 1254 a
726 1198 1006 1255 Bossuetio
1039 1198 1267 1268 intorta,
1291 1200 1405 1273 Jam
1433 1197 1491 1252 in
1512 1204 1857 1254 antecessum
1889 1218 1974 1255 re-

110 1298 343 1368 tuderat,
370 1316 431 1354 ac
469 1297 526 1352 in
556 1304 880 1372 perpetuum
904 1299 1164 1354 retundet
1188 1299 1302 1354 haec
1325 1296 1631 1353 Melchio1·is
1649 1295 1779 1352 Cani
1806 1298 1974 1354 adno-

111 1394 239 1450 tatio
263 1415 276 1450 ε
313 1395 563 1451 Connexae
585 1397 767 1467 quippe
790 1390 927 1460 seint,
966 1413 1025 1450 ac
1051 1397 1196 1468 fuere
1226 1413 1447 1467 semper,
1476 1402 1597 1467 post
1624 1401 1803 1450 natam
1825 1396 1973 1450 scho-

113 1491 235 1561 lam,
271 1492 450 1546 scholae
488 1494 788 1564 contemptio
822 1501 868 1547 et
909 1494 1157 1547 haeresum
1185 1500 1354 1565 pestes
1395 1493 1478 1566 (cle
1511 1493 1658 1548 Locis
1690 1510 1971 1559 commun„

115 1587 209 1642 lib.
232 1588 356 1657 vul,
377 1605 491 1662 cap.
515 1590 639 1662 vm).
