2352 4126
311 301 366 347 46
980 293 1280 342 TRACTATUS
1311 293 1375 338 DE
1406 293 1533 339 PAPA
1543 329 1554 340 .

390 427 418 460 «
446 405 587 481 Papa
625 403 858 480 deponit
895 402 1290 474 imperatorem
1326 405 1554 474 propter
1588 399 1765 474 ipsius
1791 402 2138 478 iniquitateS‚
2172 420 2227 470 et

309 506 403 563 dat
434 503 831 581 (Principibus)
873 508 1162 558 curatores
1212 499 1307 556 ubi
1350 500 1458 575 ipsi
1496 499 1609 557 sint
1649 500 1878 558 inutiles
1918 505 1986 559 ad
2026 524 2225 580 regen-

309 607 466 664 dum.
504 629 530 659 »
566 602 889 680 (Speculum,
917 599 1015 656 lib.
1046 599 1088 670 Ι,
1121 597 1207 656 tit.
1250 600 1313 656 cle
1339 600 1557 674 Leman,
1597 601 1797 672 §Nunc
1821 605 2220 676 ostendendam,

308 725 367 762 n.
399 705 520 778 17.)
1932 712 1937 717 '

382 801 466 858 IV.
510 798 750 870 AEyiclius
785 796 1076 854 Romanam.
1106 829 1176 837 —
1209 796 1443 856 Vocatus
1484 799 1652 856 etiam
1689 799 1928 872 AEyidias
1971 800 2223 860 Columna

312 900 502 974 (Gilles
546 897 614 954 de
639 896 859 970 Rome),
902 896 1215 972 discipulus
1251 899 1431 955 sancti
1466 900 1712 965 Thema-3,
1758 904 1815 955 et
1846 899 2223 959 Universitatis

308 997 634 1054 Parisiensis
675 995 892 1068 doctor,
932 996 1146 1054 ordinis
1170 997 1551 1055 Eremitarum
1580 998 1767 1055 Sancti
1791 999 2097 1073 Augustini
2130 1019 2223 1075 ge-

304 1097 513 1156 neralis
540 1100 894 1175 praeposituS‚
922 1105 1112 1175 postea
1137 1101 1317 1157 factus
1346 1098 1714 1158 Bituricensis
1747 1101 2220 1176 Archiepiscopus

302 1206 356 1256 et
386 1197 700 1272 Aquitaniae
741 1198 971 1273 primas,
1001 1218 1145 1256 anno
1174 1200 1342 1256 1264.
1373 1198 1521 1254 Obiit
1545 1217 1692 1255 anno
1714 1200 1884 1257 1516.
1929 1201 2014 1257 Sic
2055 1200 2223 1256 habet

301 1297 359 1352 in
387 1314 488 1352 suo
510 1299 744 1354 tractatu
766 1298 830 1354 de
854 1296 1128 1353 Potestate
1153 1298 1505 1353 ecclesiastica
1535 1318 1550 1349 .-
1591 1297 1829 1354 «Causae
1855 1298 2061 1369 mixtae,
2090 1305 2221 1355 sunt

299 1413 483 1453 causae
523 1396 855 1470 temporales
885 1414 1007 1470 quae
1041 1396 1452 1453 connexionem
1497 1395 1799 1470 quamdam
1834 1397 2043 1453 habent
2090 1415 2220 1453 cum

293 1495 685 1570 spiritualibus
717 1520 728 1551 ε
761 1497 906 1554 sicut
942 1514 1112 1553 causa
1144 1496 1399 1566 feudalis,
1428 1513 1551 1569 quae
1581 1496 1646 1552 de
1674 1513 1731 1552 se
1756 1496 2081 1569 temporalis
2110 1501 2216 1565 est,

287 1595 694 1673 connexionem
733 1601 915 1671 potest
954 1596 1161 1652 habere
1203 1613 1331 1652 cum
1362 1595 1682 1668 juramento
1716 1594 1800 1649 vel
1837 1600 2022 1669 pact03
2073 1594 2220 1650 sicut

288 1702 437 1771 patet
461 1697 528 1754 de
555 1696 907 1754 dissensione
939 1702 1087 1752 mota
1125 1697 1272 1752 inter
1297 1714 1458 1768 reges
1501 1695 1744 1751 Franciae
1774 1700 1828 1751 et
1861 1695 2094 1768 Angliae‚
2125 1713 2217 1756 su-

291 1814 391 1870 per
432 1796 699 1853 comitatu
735 1797 1081 1853 Pictaviensi.
1119 1798 1257 1871 Papa
1299 1796 1430 1869 quia
1476 1814 1590 1851 non
1619 1800 1835 1870 poterat
1881 1795 2092 1850 directe
2127 1812 2217 1849 co·

294 1913 561 1967 gnoscere
603 1896 671 1952 de
712 1915 877 1952 causa
923 1895 1151 1964 feudali,
1209 1895 1482 1950 indirecte
1523 1893 1742 1949 ratione
1782 1893 2094 1966 juramenti
2137 1893 2219 1948 vel

295 1994 442 2066 pacti
488 1995 797 2051 intromisit
824 2013 883 2050 se
922 1995 988 2050 de
1027 1994 1121 2049 illa
1154 1994 1388 2067 (Extrav.
1413 1993 1490 2048 De
1517 1993 1730 2066 judiciis
1776 2011 1897 2066 cap.
1922 1992 2122 2064 Novit).
2156 1993 2219 2047 Et

298 2091 376 2149 sic
409 2111 507 2150 rex
533 2094 778 2151 Franciae
811 2094 1119 2150 secundum
1146 2095 1273 2168 jura
1313 2110 1425 2147 non
1470 2092 1664 2148 subest
1695 2109 1914 2146 summo
1943 2091 2214 2159 Pontifici,

294 2208 396 2247 nec
447 2190 497 2247 ei
554 2194 779 2248 tenetur
839 2191 1179 2265 respondere
1231 2189 1296 2245 de
1343 2189 1511 2244 teudo
1559 2188 1677 2254 sui;
1728 2196 1905 2260 potest
1951 2196 2125 2243 tamen
2170 2191 2217 2243 ei

301 2291 570 2362 subjacere
608 2290 899 2344 incidenter
939 2296 990 2344 et
1025 2287 1311 2342 casualiter
1354 2286 1560 2339 ratione
1608 2287 1944 2340 connexionis
1994 2285 2215 2357 alicaj1.s

302 2402 478 2440 raasae
524 2385 820 2457 spiritualis
848 2426 862 2448 ,
918 2384 1063 2440 sicut
1114 2383 1351 2439 habetur
1416 2383 1629 2438 Extrav.
1686 2383 1749 2437 (Ie
1787 2383 2001 2454 judiciis
2024 2426 2037 2450 ‚
2089 2399 2211 2454 cap.

297 2484 473 2541 Novit.
500 2503 527 2536 »
558 2482 734 2556 (Apud
767 2481 1015 2553 Bianchi,
1044 2482 1262 2538 Potesta
1302 2482 1442 2536 della
1473 2480 1679 2548 Emesa,
1709 2485 1846 2535 tom.
1888 2481 1928 2546 1,
1959 2498 2084 2554 pag.
2116 2480 2211 2550 96,

295 2582 483 2637 Romae
502 2581 700 2651 1745.)

379 2703 406 2734 «
431 2681 533 2738 Sed
558 2680 701 2737 dicet
724 2681 927 2755 aliquis
957 2681 1105 2755 quod
1126 2698 1286 2754 reges
1316 2685 1368 2736 et
1387 2679 1670 2755 principes
1689 2678 2073 2755 spiritualiter,
2100 2697 2211 2734 non

302 2778 684 2854 temporaliter
729 2779 950 2836 subsint
989 2779 1284 2835 Ecclesiae?
1314 2779 1410 2834 sed
1455 2779 1573 2835 haec
1604 2778 1850 2834 dicentes
1895 2778 2006 2833 vim
2051 2796 2214 2852 argu-

301 2879 476 2936 menti
507 2897 622 2935 non
649 2879 878 2953 capiunt
906 2902 916 2933 ε
947 2897 1078 2934 nam
1103 2878 1150 2935 si
1189 2878 1372 2934 solum
1395 2877 1768 2953 spiritualiter
1794 2895 1951 2951 reges
1981 2883 2035 2934 et
2059 2877 2210 2952 prin-

304 2978 454 3052 cipes
489 2977 786 3034 subessent
821 2977 1098 3047 Ecclesiae‚
1135 2994 1247 3032 non
1279 2983 1423 3032 esset
1464 2975 1682 3049 gladius
1708 2975 1811 3032 sub
1850 2975 2049 3048 gladio,
2098 2993 2210 3030 non

204 3088 207 3091 '
302 3081 492 3133 essent
514 3075 843 3151 temporalia
870 3076 974 3132 sub
1000 3075 1408 3150 spiritualibus,
1440 3093 1553 3131 non
1595 3079 1745 3131 esset
1780 3074 1914 3130 ordo
1944 3074 2001 3128 in
2027 3080 2212 3148 potes-

296 3176 528 3246 tatibus,
576 3194 688 3232 non
737 3176 1141 3232 reducerentur
1170 3174 1360 3229 infima
1410 3175 1468 3229 in
1513 3190 1771 3248 suprema
1805 3190 1906 3246 per
1941 3172 2147 3229 media.
2180 3195 2206 3226 »

297 3275 397 3350 (De
414 3275 684 3332 Potestate
702 3274 1071 3345 ecclesiastica,
1092 3278 1249 3348 parte
1268 3273 1310 3343 Ι,
1332 3291 1384 3328 c.
1398 3291 1517 3327 xxx.
1543 3271 1782 3327 Citatum
1802 3289 1832 3326 a
1848 3271 2205 3345 Bellarmin0‚

294 3374 541 3430 adversus
568 3372 888 3441 Barclaiam,
918 3371 1052 3427 edit.
1083 3369 1347 3439 VenetiiS,
1379 3369 1545 3438 1721,
1573 3374 1615 3424 t.
1645 3369 1705 3440 V,
1737 3389 1790 3445 p.
1824 3369 1943 3443 26.)

370 3473 432 3530 V.
477 3472 780 3546 Rodolphas
807 3470 1079 3528 Columna.
1098 3502 1170 3509 -—
1198 3468 1248 3524 Is
1270 3467 1631 3524 Carnotensis
1665 3468 1968 3525 canonicus
1995 3469 2123 3540 fuit,
2156 3475 2210 3525 et

301 3572 475 3631 edidit
505 3576 802 3630 tractatum
831 3571 894 3626 de
927 3569 1537 3641 Translationeimperii.
1566 3567 1645 3623 lbi
1670 3573 1969 3642 postquam
1996 3585 2206 3624 memo-

300 3674 441 3731 ravit
471 3673 786 3751 depositum
815 3690 843 3728 a
875 3689 1099 3728 summo
1119 3666 1382 3726 Pontifice
1425 3668 1684 3725 Zacharia
1717 3668 2094 3726 Childericum
2121 3685 2207 3724 re-
