2340 3990
837 309 968 358 PARS
996 308 1192 357 OCTAVA
1203 344 1213 356 .
1892 305 1982 353 555

93 424 383 489 naverunt,
421 423 485 474 ut
529 434 859 491 cognoscere
889 416 1092 490 poterit
1120 416 1215 489 qui
1251 413 1335 471 vel
1372 420 1552 471 tomos
1580 412 1979 482 conciliorum,

90 517 175 572 vel
214 515 471 572 historias
518 512 916 571 ecclesiasticas
963 512 1211 568 evolvere
1248 511 1536 568 voluerit»
1582 511 1672 585 (de
1714 510 1978 577 ConciliiS,

96 613 135 668 1.
176 614 217 682 1,
253 630 301 668 e.
329 612 421 682 xi).
461 611 632 682 Igitur
654 614 777 683 post
807 625 1130 683 supremam
1158 608 1391 665 Romani
1424 607 1699 664 Pontificis
1719 605 1983 663 -auetori-

90 713 282 772 tatem,
317 709 640 778 praecipuum
674 705 930 778 regendae
958 704 1286 761 universalis
1312 705 1565 762 Ecclesiae
1602 704 1852 760 medium
1881 703 1985 759 fuit

90 818 276 857 revera
300 799 687 868 conciliorum,
715 799 826 855 sive
855 799 1201 872 generalium
1228 798 1340 855 sive
1370 799 1816 873 particularium,
1844 799 1983 855 cele—

90 897 286 952 bratio,
315 897 515 970 Estque
539 897 743 952 factum
773 897 922 952 istud
957 897 1355 954 certissimum.
1378 897 1739 952 —Probatur
1772 896 1977 962 minor,

92 993 344 1050 videlicet
372 1011 443 1064 ex,
464 994 568 1049 isto
593 993 732 1049 sacto
759 994 957 1051 merito
982 994 1139 1066 argui
1166 994 1409 1049 divinam
1440 994 1800 1050 conciliorum
1824 993 1981 1049 insti-

90 1089 379 1144 tutionem.
417 1089 550 1143 Nam
586 1089 821 1162 supponi
851 1089 1046 1160 nequit
1075 1089 1363 1144 Christum
1387 1090 1543 1145 Petro
1585 1097 1636 1145 et
1672 1090 1797 1145 aliis
1826 1108 1982 1163 apos-

90 1186 216 1241 tolis
243 1204 348 1241 non
391 1186 662 1240 revelasse
693 1186 963 1256 praecipua
995 1185 1192 1240 saltem
1231 1184 1410 1240 media
1442 1185 1644 1257 quibus
1682 1186 1977 1241 Ecclesiam

90 1299 247 1337 suam
286 1281 401 1353 regi
436 1299 497 1336 ac
538 1280 834 1353 gubernari
861 1281 1093 1336 volebat.
1121 1281 1376 1354 Alioquin
1402 1282 1548 1336 enim
1585 1285 1856 1355 praecipua
1883 1283 1978 1338 illa

90 1380 270 1435 media
307 1379 372 1434 de
408 1379 534 1450 jure
572 1379 858 1433 dumtaxat
884 1380 1128 1433 humano
1164 1379 1365 1444 forent,
1399 1384 1687 1452 totumque
1722 1381 1979 1437 mirabile

94 1476 230 1530 illud
257 1474 511 1529 Ecclesia}
538 1474 734 1529 Christi
761 1474 1007 1546 regimen
1035 1475 1149 1530 sola
1175 1476 1416 1530 humana
1447 1476 1715 1548 sapientia
1741 1483 1795 1532 et
1820 1477 1979 1532 insti-

92 1572 303 1627 tutione
340 1571 687 1627 inniteretur.
734 1571 956 1627 Falsum
997 1573 1052 1627 id
1104 1573 1280 1646 quoad
1322 1577 1648 1646 praecipuum
1692 1576 1980 1647 regiminis

94 1669 357 1737 medium,
404 1669 630 1724 Romani
677 1670 951 1725 Pontificis
990 1670 1489 1743 jurisdictionalem
1533 1673 1838 1745 primatum
1881 1692 1976 1730 seu

92 1766 310 1841 plenam
337 1767 684 1839 gubernandi
713 1774 1057 1840 potestatem3
1090 1769 1365 1841 siquidem
1392 1771 1456 1824 cle
1481 1770 1585 1841 fide
1610 1778 1686 1825 est
1713 1789 1743 1825 a
1763 1771 1977 1827 Christo

100 1864 202 1941 ipsi
229 1864 286 1918 in
312 1864 471 1919 Beato
495 1865 651 1919 Petro
679 1865 933 1920 collatam
961 1865 1133 1920 fuisse
1167 1866 1580 1942 monarchicam
1610 1868 1766 1923 illam
1793 1876 1976 1924 aucto-

94 1961 330 2039 ritatem.
363 1960 565 2017 Divinae
594 1968 777 2017 autem
810 1961 1089 2035 sapientiae
1126 1980 1234 2017 non
1263 1969 1611 2035 congrueret,
1653 1964 1799 2036 quod
1830 1982 1978 2020 reve-

93 2058 200 2114 lato
236 2058 333 2113 illo
358 2061 618 2131 praecipuo
647 2060 846 2125 medio,
889 2060 1039 2115 aliud
1085 2061 1444 2133 praecipuum,
1486 2079 1596 2132 quo
1631 2061 1749 2133 regi
1791 2062 1976 2117 Eccle-

95 2153 231 2209 siam
258 2173 414 2210 suam
442 2156 678 2223 volebat,
707 2175 819 2211 non
840 2158 1150 2226 revelasset;
1181 2159 1481 2230 praesertim
1509 2177 1662 2226 cum,
1689 2159 1735 2214 si
1764 2177 1831 2214 ex
1858 2160 1976 2214 solo

94 2251 325 2307 rationis
364 2252 575 2308 lumine
614 2253 751 2307 illud
795 2255 1067 2325 posterius
1107 2257 1372 2328 apostolis
1411 2256 1817 2312 instituendum
1855 2258 1980 2313 reli-

94 2347 322 2419 quisset,
368 2348 526 2403 sacile
565 2348 902 2418 omisissent,
940 2368 1010 2406 ne
1052 2351 1261 2407 scilicet
1299 2353 1552 2409 revelatae
1594 2371 1979 2410 successorum

92 2440 232 2497 Petri
261 2443 623 2498 monarchicae
660 2447 913 2516 potestati
943 2447 1204 2503 officeret.
1242 2447 1363 2504 Haee
1395 2466 1592 2522 nempe
1630 2451 1762 2520 duo,
1799 2451 1979 2505 Ponti—

94 2537 210 2592 ficis
230 2538 396 2594 simul
423 2545 475 2596 ct
496 2539 712 2595 concilii
739 2544 1066 2599 oecumenici
1098 2562 1356 2618 suprema
1379 2553 1643 2618 potestas,
1676 2548 1784 2602 nisi
1803 2547 1982 2602 Chris-

94 2641 184 2691 tus
202 2638 513 2703 revelasset,
540 2639 848 2694 humanum
876 2640 1163 2713 ingenium
1185 2659 1297 2697 non
1315 2644 1678 2715 excogitasset
1704 2663 1803 2701 nec
1825 2647 1985 2701 insti-

95 2731 309 2786 tuisset.
337 2733 626 2798 Caeterum‚-
653 2736 752 2789 etsi
786 2753 1042 2808 expresse
1068 2737 1125 2791 in
1157 2738 1328 2792 sacris
1355 2739 1555 2794 litteris
1585 2758 1693 2794 non
1729 2748 1983 2795 occurrat

64 2862 68 2867 -
97 2829 281 2884 divina
308 2829 668 2885 conciliorum
695 2831 995 2900 institutiO,
1029 2835 1273 2888 occurrit
1301 2842 1484 2890 tamen
1512 2837 1858 2903 obumbrata,
1888 2838 1984 2893 uhi

96 2924 343 2980 Christus
369 2925 503 2980 dicit
530 2927 787 2998 apostolis
816 2927 987 2981 simul
1014 2947 1140 2983 cum
1165 2930 1320 2984 Petro
1348 2930 1602 2986 adunatis
1634 2935 1990 3007 quodcumque

95 3022 369 3089 solvar-itia,
419 3027 572 3076 etc...
628 3022 779 3077 Sicut
824 3023 974 3078 enim
1025 3024 1178 3080 Petro
1235 3026 1468 3082 seorsim
1519 3035 1741 3102 sumpto
1798 3030 1987 3087 dicens

98 3119 448 3189 quodcumque
485 3119 735 3185 solveriS,
765 3137 1084 3193 supremam
1114 3122 1234 3194 ejus
1277 3141 1335 3178 m
1374 3124 1618 3181 Ecclesia
1658 3132 1983 3200 potestatem

99 3213 435 3285 instituebat,
467 3218 537 3270 ita
570 3218 711 3272 Petri
741 3218 909 3273 simul
935 3225 988 3274 et
1028 3220 1266 3276 aliorum
1301 3224 1674 3296 apostolorum
1706 3226 1870 3281 coetui
1904 3225 1983 3279 di-

96 3328 228 3366 cens
260 3313 608 3384 quodcumque
632 3315 906 3382 solverim,
939 3323 1071 3387 etc.‚
1111 3319 1508 3394 Episcoporum
1545 3322 1979 3378 adunationibus

101 3423 197 3462 seu
221 3407 472 3462 conciliis
504 3414 829 3481 potestatem
870 3413 1187 3470 conferebat
1222 3422 1275 3471 et
1309 3417 1606 3490 Episcopos
1636 3417 1694 3470 in
1727 3417 1813 3472 his
1853 3435 1979 3472 con·

101 3499 243 3554 ciliis
287 3501 503 3573 judices
553 3502 892 3561 instituebat.
935 3507 1153 3563 Accedit
1192 3509 1414 3564 Patrum
1470 3511 1787 3567 auctoritas.
1839 3510 1976 3584 Ipsis

98 3594 247 3650 enim
291 3595 547 3669 frequens
589 3598 693 3653 suit
733 3600 798 3656 de
838 3602 1085 3659 conciliis
1121 3606 1394 3678 praecipue
1435 3605 1784 3680 interpretari
1811 3608 1975 3663 verba

337 3712 401 3745 111.
1676 3707 1737 3756 23
