2340 3990
368 334 456 380 ‘284
1044 330 1344 377 TRACTATUS
1377 330 1442 404 DE
1474 331 1622 376 PAPA.

365 445 668 500 societatem
692 461 813 499 vero
838 441 1178 496 domesticam
1204 446 1457 512 tanquam
1491 440 1722 496 medium
1752 442 1820 496 od
1847 422 2004 515 finem
2026 448 2289 505 societatis

365 545 627 616 reliqiosae
660 559 754 596 seu
793 540 1061 606 Ecclesiae3
1101 541 1273 612 ipsam
1310 541 1538 595 vicissim
1573 539 1863 596 Ecclesiam
1902 549 2151 615 tanquam
2187 565 2292 604 me·
2325 558 2330 565 ‘

366 645 507 700 (lium
550 643 619 697 ad
652 644 811 714 finem
850 641 1114 709 ultimum,
1138 658 1289 712 quem
1323 641 1419 695 sibi
1455 641 1688 695 homines
1732 642 1959 697 creando
1989 649 2284 717 proposuit.

363 776 439 784 -—
479 739 629 796 Finis
671 740 950 797 societatis
989 740 1171 796 civilis
1222 746 1304 796 est
1353 740 1592 814 singulis
1644 740 1969 798 hominibus
2021 747 2078 798 et
2133 743 2291 802 fami-

367 841 459 896 liis
527 840 882 896 securitatem
935 859 997 896 ac
1048 840 1420 914 temporalem
1486 839 1909 913 prosperitatem
1967 859 2287 915 procurare.
2326 878 2340 892 ·

368 940 520 996 Finis
557 939 838 1002 societatis
879 939 1200 996 domesticae
1231 957 1327 995 seu
1364 938 1614 1010 familiae,
1649 939 1946 995 hominum
1979 942 2315 1021 procreatio,

369 1045 422 1095 et
459 1045 583 1114 apta
614 1038 893 1094 educatio.
938 1037 1090 1093 Finis
1127 1036 1406 1104 Ecclesiae,
1450 1036 1727 1110 homineS,
1767 1037 1846 1093 sie
1887 1055 1987 1111 per
2017 1038 2290 1097 familiam
2323 1070 2334 1122 .'

365 1144 690 1214 procreatos
718 1144 771 1194 et
800 1143 926 1212 apte
961 1142 1322 1212 praeparatos
1366 1154 1556 1192 veram
1599 1136 1766 1192 tidem
1806 1121 2292 1206 edoce1¹e,·⁰divina
2336 1124 2340 1125 ⁷

367 1239 543 1312 gratia
578 1256 678 1312 per
715 1243 1201 1294 sacramentorum
1241 1236 1791 1292 administrationem
1835 1217 2114 1308 imbuere,
2149 1239 2292 1313 aptis

366 1339 568 1394 mediis
601 1343 654 1394 et
678 1339 831 1394 curis
859 1339 926 1394 ad
955 1338 1276 1394 divinorum
1314 1337 1711 1393 mandatorum
1747 1338 2166 1394 observantiam
2190 1339 2292 1396 im-

362 1439 591 1513 pellere,
629 1444 683 1493 et
711 1438 790 1493 sic
819 1438 877 1492 in
904 1437 1074 1492 vitam
1103 1442 1371 1492 aeternam
1402 1437 1716 1492 traducere.

436 1539 681 1594 Dicimus
723 1538 813 1593 1⁰:
857 1538 1179 1594 societatem
1223 1536 1441 1593 civilem
1485 1555 1596 1592 non
1641 1555 1760 1593 esse
1790 1538 1901 1594 nisi
1946 1540 2198 1596 medium
2227 1541 2292 1597 ad

361 1618 542 1694 tinem
574 1637 853 1694 societatis
889 1638 1208 1693 domesticae
1248 1655 1347 1692 seu
1388 1636 1633 1692 familiae.
1673 1637 1811 1692 Nam
1849 1638 1895 1693 si
1930 1638 2153 1695 familiae
2183 1639 2292 1695 sin-

361 1737 525 1809 gulae,
569 1738 776 1811 absque
814 1735 931 1791 ullo
976 1737 1290 1792 adinvicem
1329 1735 1607 1792 societatis
1648 1737 1871 1792 vinculo
1909 1751 2122 1794 securae
2162 1740 2291 1796 sub-

363 1836 581 1904 sistere,
617 1835 900 1908 finemque
944 1855 1111 1893 suum
1146 1838 1461 1891 humanum
1490 1855 1667 1910 genus
1714 1831 2083 1911 perpetuandi
2118 1845 2170 1894 et
2199 1839 2292 1894 bo-

363 1937 546 1992 mines
577 1942 702 2010 apte
738 1936 1016 1992 educandi
1056 1936 1326 2009 attingere
1358 1944 1607 2010 possent,
1641 1937 1841 1994 inutile
1883 1956 2116 2012 prorsus
2155 1939 2330 2011 soret!

360 2035 579 2091 civilem
619 2035 943 2091 societatem
987 2035 1348 2100 constituere,
1389 2053 1517 2090 cum
1561 2054 1661 2090 suo
1705 2053 1833 2108 rege
1889 2037 2292 2110 imperatoreve

361 2141 457 2191 aut
494 2142 710 2206 senam,
746 2153 875 2190 cum
904 2134 1172 2204 exercitu,
1212 2133 1504 2208 judicibus
1543 2133 1897 2208 aliisquerei
1937 2135 2292 2191 administra-

360 2234 518 2289 toriae
546 2235 973 2309 appendicibus.
1006 2235 1121 2290 Iino
1166 2234 1221 2289 id
1263 2235 1492 2290 noxium
1538 2235 1700 2305 foret,
1743 2254 1872 2290 cum
1902 2234 2023 2291 fieri
2054 2239 2292 2308 nequeat

362 2334 473 2390 nisi
514 2354 645 2391 cum
682 2336 918 2392 notabili
950 2336 1379 2409 unuscujusque
1413 2335 1642 2391 familiae
1683 2335 2043 2402 detrimento;
2092 2335 2148 2390 id
2185 2341 2287 2405 est,

361 2434 498 2507 quin
552 2435 766 2491 familia
813 2435 1080 2508 quaelibet
1126 2439 1359 2506 cogatur
1405 2435 1682 2489 tributum
1741 2434 1975 2502 solvere,
2031 2433 2177 2490 filios
2222 2434 2290 2489 ad

360 2532 622 2588 militiam
670 2533 942 2607 expetitos
987 2535 1245 2603 tradere,
1321 2539 1374 2588 et
1425 2532 1868 2606 quamplurimis
1942 2532 2289 2588 auctoritatis

360 2631 541 2687 civilis
577 2634 861 2688 mandatis
904 2639 957 2689 et
993 2632 1469 2708 prohibitionibus
1511 2651 1630 2689 sese
1671 2637 1863 2707 aptare
1892 2606 1957 2687 ac
1990 2632 2285 2705 subjicere.
2336 2695 2340 2698 ,

362 2732 426 2785 At
455 2748 583 2786 cum
625 2749 687 2786 ea
731 2733 823 2805 sit,
875 2733 943 2787 ob
981 2739 1274 2805 peceatum
1317 2732 1606 2805 originale,
1651 2750 1896 2806 praesens
1931 2731 2166 2787 humani
2197 2749 2287 2804 ge·

362 2831 511 2886 neris
547 2832 818 2903 conditio,
851 2838 913 2889 ut
941 2851 1164 2908 semper
1190 2838 1243 2889 et
1275 2833 1490 2907 ubique
1516 2833 1700 2889 adsint
1729 2832 1985 2889 homines
2018 2851 2282 2906 nequam,

361 2931 658 3006 pravisque
700 2932 1104 3008 cupiditatibus
1153 2933 1478 2999 serviente&
1525 2932 1619 3005 qui
1663 2932 1772 2987 nisi
1822 2932 2041 2988 fortiter
2077 2949 2288 2988 coerce·
2332 2960 2340 3014 'j

360 3037 577 3098 rentur,
612 3033 669 3087 in
700 3032 866 3099 furta,
903 3034 1079 3090 caedes
1125 3052 1187 3089 ac
1218 3039 1415 3090 caetera
1457 3033 1663 3107 flagitia
1706 3050 1828 3088 sese
1872 3036 2280 3098 converterent;
2330 3012 2340 3104 ἰΙ

361 3149 605 3204 cumque
635 3133 863 3188 aliunde
895 3152 1250 3207 unaquaeque
1275 3134 1491 3189 familia
1523 3133 1822 3207 sejunctim
1854 3136 2077 3205 sumpta
2106 3131 2290 3204 impar,
2325 3106 2335 3187 l

360 3228 432 3284 sit
456 3231 716 3286 arcendis
737 3232 1012 3300 ejusmodi
1049 3232 1235 3301 malis,
1274 3232 1401 3287 ideo
1424 3249 1657 3305 prorsus
1682 3247 1909 3286 neeesse
1940 3232 2022 3283 est
2048 3226 2293 3282 familias·
2326 3208 2332 3241 ξ

359 3328 567 3384 multas
609 3329 780 3384 simul
812 3330 871 3384 in
903 3331 1227 3387 societatem
1262 3330 1431 3398 coire,
1476 3348 1643 3402 quam
1672 3335 1825 3402 regat
1854 3346 2114 3404 suprema
2143 3321 2294 3400 quaef's

360 3429 488 3484 dam
509 3428 836 3499 auctoritaS,
867 3429 1062 3503 sicque
1085 3429 1442 3502 singulorum
1468 3428 1755 3484 securitati
1783 3428 2131 3484 consulatur.
2150 3426 2303 3502 Prae-3

298 3545 319 3566 ’κ
358 3534 511 3585 terea
553 3529 728 3583 multa
776 3533 908 3583 sunt
950 3528 1116 3595 bona,
1157 3529 1224 3583 ad
1264 3529 1561 3603 proprium
1613 3508 1840 3583 familiae
1882 3527 2049 3582 finem
2090 3523 2272 3594 utilia,

359 3625 446 3681 vel
469 3625 637 3680 etiam
659 3625 1000 3697 necessaria,
1027 3644 1151 3698 quae
1174 3626 1410 3700 singulae
1435 3626 1662 3682 familiae
1690 3625 1797 3682 sibi
1821 3641 2144 3699 comparare
2169 3635 2277 3675 non

362 3726 609 3795 possent,
639 3721 748 3778 nisi
788 3721 844 3777 in
869 3740 1049 3778 unum
1080 3722 1280 3778 sociale
1311 3741 1515 3798 corpus
1542 3724 1941 3780 adunarentur.
1973 3722 2167 3795 Igitur,
2203 3715 2264 3772 ci·
2284 3791 2293 3797 ,
2315 3718 2338 3781 Ξ
