2352 4126
686 1314 1598 1477 PROOEMIUM

267 1991 288 2050 ξ
321 1991 362 2035 1.
398 2016 454 2023 -
485 1991 550 2036 An
577 1996 621 2036 et
642 2005 729 2050 quo
754 2005 887 2038 sensu
912 1992 1096 2037 Romani
1122 1993 1345 2038 pontificis
1372 1993 1661 2039 infallibilitas
1685 1995 1742 2039 sit
1762 1994 2009 2053 personalis

998 2072 1041 2111 et
1063 2070 1287 2125 separata.

280 2230 402 2292 Non
426 2232 620 2292 solent
646 2231 940 2303 doctores,
972 2236 1035 2291 in
1063 2233 1189 2292 suis
1209 2233 1282 2292 de
1304 2233 1556 2293 Romani
1586 2234 1887 2295 Pontificis
1912 2236 2071 2295 iner-

194 2338 388 2396 rantia
418 2336 989 2417 disceptationibuS‚
1018 2336 1345 2396 formulam
1367 2337 1535 2396 illam
1560 2337 1885 2418 personalis
1909 2350 1959 2400 et
1994 2359 2077 2400 se-

191 2451 415 2523 paratae
443 2439 889 2522 infallibilitalis
922 2441 1237 2515 adhibere,
1280 2451 1388 2501 aut
1418 2443 1780 2522 expendere.
1818 2443 1934 2504 Nec
1960 2462 2067 2524 ego

194 2548 255 2606 in
288 2547 522 2607 duobus
550 2547 976 2627 superioribus
1011 2547 1428 2608 voluminibus
1466 2549 1863 2628 quaestionem
1903 2550 2076 2610 insti-

199 2655 305 2726 tui,
337 2673 413 2712 an
438 2653 710 2731 legitima
744 2652 1045 2732 ejusmodi
1074 2652 1294 2712 locutio
1330 2654 1630 2714 censenda
1666 2657 1765 2714 sit.
1805 2654 1954 2715 Cum
1983 2664 2067 2716 ta-

194 2777 335 2817 men
381 2777 575 2838 nuper
617 2757 884 2837 idipsum
929 2758 1004 2818 ad
1050 2757 1256 2817 crisim
1299 2766 1574 2817 vocatum
1621 2758 1829 2833 fuerit,
1867 2760 2063 2820 visum

194 2870 284 2922 est
310 2863 407 2922 hic
434 2864 639 2942 paucis
666 2863 1052 2935 subnectere,
1085 2863 1232 2943 quid
1259 2863 1333 2923 de
1359 2864 1605 2943 praefata
1643 2865 1909 2925 formula
1944 2884 2077 2925 sen—

193 2967 469 3027 tiendum
500 2968 797 3028 videatur.

273 3071 588 3133 PRoposmo
618 3075 774 3133 1..—
809 3074 1098 3135 Romanus
1127 3075 1422 3157 Pontifeoe,
1459 3077 1633 3138 ctz’am
1659 3086 1943 3157 quatenus
1965 3075 2073 3136 dis-

190 3176 394 3239 tinctus
427 3198 465 3238 a
495 3178 718 3259 reliquo
750 3177 1014 3240 Ecclesiae
1040 3199 1300 3262 corpore,
1331 3191 1409 3242 est
1442 3181 1755 3262 subjectum
1790 3179 2066 3263 infallibi-

193 3274 389 3339 litatis.
425 3315 507 3322 —
533 3280 697 3341 Hanc
718 3300 849 3342 esse
867 3301 1075 3342 veram
1099 3292 1279 3363 atque
1305 3285 1557 3344 omnino
1583 3286 1910 3346 tenendam
1937 3284 2077 3345 doc·

193 3382 442 3463 trinam,
474 3385 763 3445 evincunt
787 3394 915 3446 turn
944 3406 1128 3447 sacrae
1149 3387 1475 3467 Scripturae
1503 3398 1721 3463 textus,
1758 3398 1890 3451 turn
1930 3409 2072 3449 con-

192 3485 475 3549 ciliorum
518 3509 586 3551 ac
627 3492 975 3552 traditionis
1016 3493 1403 3566 documenta7
1446 3503 1579 3555 tum
1614 3497 1778 3556 sedis
1821 3496 2068 3574 Aposto-

193 3589 325 3650 licae
368 3593 753 3658 definitiones
787 3599 852 3658 in
893 3599 1182 3660 universa
1214 3599 1479 3661 Ecclesia
1513 3611 1792 3680 receptae,
1841 3598 2064 3678 quibus

196 3696 470 3758 doctores
519 3701 801 3764 Catholici
836 3703 1171 3784 {adstruere
1217 3706 1410 3766 solent
1459 3705 1711 3766 Romani
1760 3702 2067 3764 Pontificis

435 3846 481 3877 m
1802 3850 1831 3881 a
