2340 3990
813 238 941 287 PARS
968 238 1186 287 OCTAVA.
1646 233 1653 238 ’
1862 241 1945 288 551

67 349 164 411 his
191 347 376 406 verbis
415 348 709 403 universam
740 345 1022 418 Ecclesiam
1054 352 1455 418 repraesentavw.
1485 342 1553 400 Ut
1589 360 1792 418 nempe
1822 363 1951 402 con-

63 445 259 505 ¹(tilium
286 447 640 518 repraesentet
663 441 981 498 universam
1006 440 1330 511 Ecclesiam,
1355 439 1517 496 debet
1551 439 1608 494 in
1632 457 1696 496 eo
1728 439 1946 510 adesse,

0 582 1 585 =
68 540 121 601 et
145 543 368 616 quidem
393 547 656 614 tanquam
688 544 852 612 eaput
877 556 972 595 seu
1003 555 1204 613 praeses
1234 538 1518 594 Romanus
1539 537 1808 594 Pontifex.
1846 537 1950 594 Sed

72 641 230 696 dictae
256 655 413 695 voces
454 639 748 692 universam
778 635 1058 691 Ecclesiam
1083 643 1490 709 repraesentans,
1531 635 1761 710 exigunt
1799 636 1956 693 insu·

71 752 178 811 per
206 739 269 790 ut
313 733 497 789 adsint
540 731 712 805 aliqui
743 733 939 788 saltem
982 750 1047 787 ex
1100 732 1297 806 majori
1342 738 1500 807 parte
1543 733 1950 807 provinciarum

68 829 562 888 ecclesiasticarum
599 829 864 902 Episcopi.
898 828 1012 884 Nisi
1036 828 1185 884 enim
1219 829 1394 903 major
1434 830 1631 885 saltem
1670 847 1795 903 pars
1828 847 1957 904 pro·

0 978 1 985 ,
67 928 376 985 vinciarum
425 927 926 983 ecclesiasticarum
984 943 1083 1000 per
1134 926 1352 1000 aliquos
1405 927 1699 1002 Episcopos
1758 945 1957 1002 reprae-

68 1033 390 1096 sententur,
443 1044 547 1083 nec
600 1025 1087 1099 repraesentabitur
1127 1024 1385 1080 universa
1434 1026 1718 1082 moraliter
1775 1026 1955 1083 Eccle-

65 1124 167 1180 sia.
209 1154 278 1163 —
312 1123 559 1179 Dicimus
605 1122 768 1178 tertio
804 1143 816 1174 ε
863 1122 1003 1175 Actis
1045 1123 1360 1176 assentiente
1395 1121 1629 1177 Romano
1676 1123 1949 1194 Pontifice.

0 1243 1 1246 ¹
69 1219 329 1283 Quamvis
372 1218 520 1274 enim
559 1215 850 1290 praesideat
888 1214 1054 1287 Papa,
1100 1218 1153 1269 et
1193 1213 1548 1270 convenerint
1587 1233 1652 1270 ex
1694 1217 1952 1271 omnibus

0 1368 1 1372 ,
70 1314 456 1372 ecclesiasticis
484 1312 782 1385 provinciis
804 1311 1078 1384 Episcopi,
1112 1311 1157 1366 si
1178 1312 1320 1384 Papa
1347 1312 1584 1368 decretis
1614 1313 1836 1370 concilii
1865 1331 1955 1370 as-

0 1473 2 1485 ,
68 1430 296 1470 sensum
338 1413 596 1482 deneget,
642 1409 856 1464 decreta
900 1410 1015 1463 haec
1055 1408 1205 1463 omni
1242 1409 1439 1464 robore
1478 1428 1541 1465 ac
1580 1410 1768 1466 valore
1808 1429 1954 1466 care-

68 1507 229 1574 bunt,
265 1524 327 1562 ae
362 1505 577 1561 nullius
600 1505 938 1561 auctoritatis
975 1506 1081 1561 erit
1114 1505 1387 1578 ejusmodi
1412 1506 1730 1562 concilium.
1761 1508 1948 1577 Porr0,

0 1583 3 1656 ἶ
69 1611 133 1662 ut
171 1605 381 1661 dictum
425 1609 507 1659 est
538 1621 727 1677 supra,
772 1621 883 1659 non
922 1622 986 1660 ex
1018 1602 1440 1675 grammaticali,
1483 1603 1576 1660 sed
1620 1622 1685 1659 ex
1732 1610 1950 1678 recepto

70 1701 398 1775 generaliter
420 1699 569 1755 vocis
598 1701 888 1791 ‹rc-umentfi
928 1717 1115 1765 senSU,
1158 1700 1261 1754 hoc
1299 1699 1524 1754 nomine
1559 1718 1670 1755 non
1706 1719 1952 1775 compre-

70 1799 331 1856 henditur
360 1798 655 1854 concilium
697 1818 726 1853 a
766 1798 902 1853 Sede
933 1799 1239 1871 Apostolica
1277 1799 1542 1870 rejectum
1585 1817 1683 1854 seu
1724 1817 1835 1854 non
1867 1817 1957 1872 ap-

65 1898 379 1972 probatum.
419 1897 556 1970 Ergo
584 1897 650 1952 ad
673 1897 971 1971 perfectam
998 1914 1096 1952 seu
1138 1897 1566 1970 propriedietam
1604 1898 1957 1954 oecumenici-

66 1995 235 2045 tatem
267 1991 572 2064 requiritur
610 1997 671 2048 ut
705 1993 926 2048 concilii
961 1993 1178 2048 decreta
1200 1993 1433 2048 Romani
1471 1994 1744 2050 Pontificis
1773 2011 1959 2050 assen-

67 2104 189 2143 sum
218 2089 579 2146 obtinuerint.

141 2322 220 2374 52.
238 2345 290 2352 —
315 2324 374 2363 An
397 2322 569 2364 concilia
594 2321 851 2363 oecumenica
873 2322 959 2363 sint
978 2322 1253 2363 institutionis
1277 2323 1449 2373 divinae,
1470 2324 1534 2364 vel
1564 2323 1869 2365 ecclesiasticae.

141 2468 194 2522 1⁰
223 2467 296 2521 De
331 2465 679 2522 institutione
707 2466 1071 2522 conciliorum
1109 2468 1165 2523 in
1203 2486 1402 2540 genere
1439 2471 1520 2524 sic
1560 2470 1764 2525 habent
1806 2471 1954 2526 theo-

64 2562 171 2635 logi
197 2562 717 2635 Wireeburgenses:
765 2584 791 2614 «
814 2563 1221 2620 Institutionern
1263 2567 1491 2620 humana
1533 2568 1784 2638 majorem
1824 2583 1950 2640 pro-

37 2659 182 2724 -hat,
205 2666 320 2714 tum
337 2661 711 2733 apostolorum
730 2659 962 2730 factum,
983 2680 1091 2734 quo
1110 2662 1273 2735 plura
1298 2662 1686 2737 Hierosolyma}
1706 2663 1950 2736 alibique

70 2754 302 2809 concilia
330 2756 700 2827 celebrarunt,
730 2762 781 2811 et
812 2756 869 2810 in
900 2756 1053 2811 illius
1087 2766 1294 2811 actemm
1321 2758 1389 2812 15
1427 2757 1599 2812 eoacti
1628 2756 1950 2811 definitione

64 2847 383 2904 edixerunt:
413 2839 580 2904 Visum
608 2858 683 2904 est
713 2850 931 2921 Spiritui
947 2859 1126 2906 sancto
1154 2860 1202 2906 et
1231 2854 1396 2916 nobis;
1420 2884 1488 2891 —
1514 2857 1635 2907 tum
1662 2869 1951 2923 argumen-

66 2948 181 3000 tum
208 2964 237 3000 a
263 2947 463 3002 minori
489 2949 556 3002 ad
585 2947 762 3019 majus
789 2966 854 3004 ex
883 2948 1062 3004 verbis
1086 2948 1281 3004 Christi
1313 2949 1545 3021 matth„
1580 2968 1716 3018 xviii,
1745 2969 1795 3004 v.
1829 2949 1946 3022 ⁶20),

65 3041 364 3099 deductum
403 3062 433 3099 a
458 3045 744 3100 Caelestino
778 3047 796 3099 Ι
835 3046 892 3100 in
918 3045 1145 3119 epistola
1172 3046 1241 3101 ad
1278 3047 1551 3122 synodum
1591 3047 1949 3120 Ephesinam,

65 3143 169 3194 eta
194 3141 424 3197 concilio
457 3142 905 3212 Chalcedonensi,
951 3143 1168 3198 actione
1207 3143 1298 3213 10,
1339 3143 1397 3198 in
1430 3144 1698 3200 relatione
1726 3144 1793 3199 ad
1831 3145 1955 3199 Leo-

69 3252 320 3303 nem;—-
343 3243 462 3292 tum
495 3239 748 3295 Ecclesiae
780 3240 981 3296 Christi
1016 3239 1219 3314 paritas
1254 3260 1379 3297 cum
1421 3259 1719 3316 synagoga,
1759 3243 1817 3297 in
1846 3259 1951 3315 qua

71 3333 157 3402 (ex
178 3333 544 3390 Numerorum
568 3354 638 3402 xi,
665 3356 718 3392 v.
744 3337 835 3403 16,
864 3344 917 3394 et
950 3338 1358 3394 Deuteronomii
1389 3359 1507 3408 xvn,
1536 3359 1586 3393 v.
1620 3340 1701 3409 8),
1737 3339 1954 3394 ordina-

68 3427 217 3486 tione
244 3431 424 3486 divina
447 3431 764 3488 institutum
787 3434 1093 3509 Synedrion
1124 3435 1379 3492 novimus
1402 3458 1428 3489 »
1466 3440 1631 3506 (tomo
1656 3437 1696 3503 I,
1727 3455 1781 3510 p.
1821 3437 1949 3506 144,

67 3525 313 3592 Parisiis,
352 3527 542 3598 1852).
590 3529 783 3586 Confer
821 3530 1017 3586 Suarez
1070 3532 1154 3602 (cle
1205 3534 1331 3603 fule,
1377 3533 1584 3606 disput.
1627 3531 1710 3600 Xl,
1758 3550 1814 3587 n.
1870 3534 1943 3604 l).
