2340 3990
416 343 504 391 508
1086 337 1383 384 TRACTATUS
1413 336 1480 382 DE
1509 335 1662 383 PAPA.

415 451 667 527 poralem
698 453 949 536 statuum
982 462 1083 521 pro
1120 445 1336 520 objecto
1365 443 1689 509 immediate
1718 460 1833 499 non
1862 441 2090 512 habent,
2119 444 2272 532 εθᾶ

417 569 549 607 men
568 545 911 604 consectaria
930 562 1125 602 secum
1145 543 1379 600 trahunt
1397 561 1515 599 rem
1536 541 1695 598 illam
1715 541 2081 616 temporalem
2098 543 2240 601 affici

414 650 512 704 tia.
541 646 706 703 Verbi
741 646 942 720 gratia,
989 645 1190 720 nequit
1222 644 1506 700 Romanus
1539 641 1792 698 Pontifex
1834 647 1934 716 p'er
1976 641 2268 719 depositio
2332 682 2333 687 1

415 744 751 802 sententiam
787 763 974 818 regem
1014 743 1262 816 aliquem
1299 750 1684 811 exauctorare,
1719 739 1851 814 quia
1885 758 1975 797 res
2012 745 2295 822 tempor

415 851 662 901 statuum
693 845 797 900 sub
821 843 1273 918 jurisdictionem
1301 842 1422 915 ejus
1452 840 1664 898 directe
1691 859 1805 896 non
1833 840 1997 906 cadit;
2030 840 2124 896 sed
2157 842 2264 915 pot
2317 858 2319 860 ·

414 965 605 1020 regem
639 945 1133 1002 excommunicare
1177 961 1242 999 ac
1276 941 1563 997 vitandum
1603 940 1959 1008 denuntiare,
1995 956 2210 996 necnon
2236 924 2252 1001 '3

416 1045 631 1103 clarare
650 1046 768 1120 jam
807 1063 920 1100 non
944 1043 1122 1101 teneri
1150 1043 1273 1117 ejus
1301 1039 1551 1097 subditos
1580 1039 1648 1095 ad
1682 1038 2061 1112 praestandum
2101 1037 2151 1094 ei
2177 1038 2261 1095 ob
2322 1077 2323 1081 κ

417 1145 637 1220 quium.
673 1145 744 1200 Ex
788 1144 996 1218 quibus
1031 1142 1275 1210 actibuS,
1313 1141 1442 1197 licet
1474 1139 1624 1196 circa
1658 1138 1951 1194 materiam
1990 1155 2149 1213 mere
2323 1185 2325 1187 .

417 1244 703 1300 siasticam
731 1243 1107 1313 versantibus,
1134 1247 1407 1314 sequetur
1434 1238 1620 1313 quoad
1646 1238 1814 1293 illum
1842 1237 2153 1313 principem
2178 1257 2228 1294 r·
2247 1259 2274 1309 g

418 1341 709 1417 dignitatis
745 1342 996 1398 amissio,
2274 1408 2277 1411 Δ

495 1441 558 1495 11.
591 1440 818 1506 Quinam
847 1446 1087 1494 auctores
1125 1437 1334 1491 tertiam
1359 1436 1506 1490 illam
1541 1431 1856 1491 sententiam
1892 1442 2244 1510 propuqnent.
2268 1455 2271 1457 ’

418 1540 501 1594 An
529 1538 657 1613 quis
684 1556 751 1594 ex
778 1538 1030 1611 professo
1071 1555 1195 1592 eam
1218 1533 1680 1609 propugnaverit,
1709 1532 1849 1588 milii
1889 1553 2002 1590 non
2036 1534 2170 1592 satis
2197 1554 2276 1592 co·

421 1646 666 1714 pertum.
689 1637 790 1693 Sed
818 1637 963 1712 apud
992 1655 1083 1692 cos
1114 1636 1207 1709 qui
1237 1634 1576 1690 indirectam
1601 1634 1861 1690 Ecclesiae
1889 1639 2220 1708 potestatem
2244 1639 2281 1693 t·

418 1738 623 1806 buunt,
646 1737 916 1793 nonnulla
945 1735 1056 1791 vidi
1088 1735 1156 1791 ad
1187 1736 1339 1790 hunc
1369 1733 1599 1791 tertium
1627 1731 1978 1805 intelligendi
2007 1733 2233 1788 modum
2260 1768 2278 1783 .1

418 1837 692 1895 cedentia.
713 1838 1064 1911 Quapropter
1079 1835 1217 1892 etde
1238 1835 1401 1891 tertia
1423 1835 1526 1890 ista
1547 1833 1825 1890 sententia
1849 1833 2193 1890 mentionem
2213 1833 2289 1901 fat*
2331 1911 2333 1913 ι

498 1938 584 1991 ΙΙΙ.
618 1935 753 2003 Quid
781 1937 844 1991 (Ie
875 1937 969 1991 hac
1005 1937 1271 1991 sententia
1313 1934 1575 1990 videatur.
1613 1967 1689 1973 -—
1724 1933 2027 1988 Erroneam
2066 1932 2225 1989 existi
2277 1957 2284 1998 ·,

418 2037 528 2092 Hoc
570 2036 692 2110 ipso
737 2035 889 2092 enim
925 2034 1073 2108 quod
1105 2034 1362 2090 Christus
1400 2032 1625 2089 civilem
1671 2031 1993 2088 societatem
2035 2051 2149 2088 non
2185 2032 2285 2089 ins

419 2135 585 2192 tuerit
617 2134 731 2191 nisi
759 2140 1029 2209 tanquam
1062 2133 1313 2190 medium
1356 2132 1423 2187 ad
1450 2132 1618 2187 finem
1656 2131 1914 2187 Ecclesiae
1940 2131 2294 2206 proprium,f

419 2255 588 2312 supra
619 2235 1004 2310 p1·obavi1nUS‚
1039 2233 1216 2290 voluit
1244 2234 1311 2289 ab
1338 2231 1584 2289 Ecclesia
1621 2231 1824 2305 corrigi
1849 2250 2011 2306 posse
2037 2230 2095 2304 in
2123 2249 2184 2287 re
2205 2238 2259 2289 te
2273 2245 2285 2281 ι’

420 2336 599 2409 porali
631 2342 880 2391 statuum
918 2333 1195 2408 quidquid
1222 2332 1432 2388 (lictum
1461 2330 1632 2387 finem
1660 2330 2011 2406 praepediret.
2048 2331 2108 2386 Et
2148 2331 2295 2405 utiq‘
2328 2362 2330 2366 Δ

420 2436 627 2511 corrigi
655 2454 755 2511 per
785 2442 940 2491 actus
970 2453 1089 2490 rem
1122 2433 1278 2488 illam
1301 2431 1669 2507 temporalem
1702 2431 1913 2487 directe
1944 2430 2246 2488 afficientib
2275 2448 2311 2498 ᾗ·

421 2537 626 2612 thuid
661 2537 814 2593 enim
845 2535 1099 2592 Christus
1129 2533 1396 2590 voluisset
1433 2532 1741 2589 Ecclesiam
1777 2551 1888 2588 non
1916 2551 2076 2606 posse
2105 2551 2224 2589 sese

421 2637 653 2694 fendere
697 2637 809 2692 nisi
849 2655 951 2711 per
995 2637 1280 2708 ambages,
1321 2634 1378 2690 id
1420 2640 1523 2701 est,
1565 2653 1663 2709 per
1705 2633 1993 2708 potestatis
2034 2634 2284 2709 spiritua
2335 2694 2337 2699 ,

420 2743 602 2804 actUS,
645 2737 743 2811 qui
786 2736 1052 2792 effectum
1096 2735 1155 2789 in
1195 2753 1255 2790 re
1296 2733 1591 2808 temporali
1636 2739 1885 2790 statuum
1930 2753 2119 2790 secum
2160 2740 2281 2811 trag
2335 2768 2337 2777 ,

422 2836 961 2891 rentil——Praeterea
990 2833 1355 2908 rejiciendam
1382 2832 1541 2887 illam
1571 2833 1905 2889 sententiam
1926 2833 2122 2908 probat
2148 2834 2223 2890 Ro
2258 2857 2265 2884 a
2329 2864 2334 2871 -

419 2952 621 2992 norum
655 2932 987 2988 Pontificum
1021 2938 1074 2988 et
1104 2930 1478 2988 conciliorum
1513 2930 1722 3004 praxiS.
1760 2930 1896 2986 Nam
1926 2933 2240 2986 statuerunt
2325 2952 2327 2955 ’

421 3051 482 3087 rc
522 3030 820 3105 temporali
861 3034 1132 3098 statuum,
1178 3027 1349 3084 etiam
1393 3046 1493 3102 per
1526 3028 1862 3102 temporales
1905 3031 2084 3094 actuS,
2121 3042 2227 3099 qua

420 3136 473 3187 et
515 3131 574 3185 in
615 3136 895 3205 quantum
935 3128 1150 3203 requiri
1195 3127 1595 3185 existimarunt
1627 3127 1696 3182 ad
1735 3126 1902 3182 finem
1931 3124 2183 3181 Ecclesiae
2214 3141 2270 3201 P?

420 3230 635 3306 prium,
678 3231 917 3285 salutem
945 3230 1287 3286 animarum.
1317 3228 1483 3284 Verbi
1516 3227 1719 3301 gratia,
1748 3244 1862 3281 non
1891 3231 2112 3282 tantum
2146 3241 2241 3298 pro
2255 3240 2270 3294 'ej
2334 3244 2336 3254 ’

419 3335 620 3387 rarunt
661 3347 821 3402 reges
849 3329 1159 3385 ditionibus
1185 3327 1305 3384 suis
1333 3326 1538 3402 privari
1581 3344 1673 3382 eos
1702 3323 2235 3382 excommunicando
2258 3319 2270 3404 ,ἕ

417 3435 689 3504 tanquam
723 3445 919 3483 casum
950 3425 1275 3483 concientiae
1301 3423 1605 3481 decidendo
1636 3425 1753 3497 jam
1786 3441 1898 3480 non
1926 3422 2102 3479 teneri
2144 3439 2206 3478 eo
2250 3442 2271 3467 ⁵1

419 3529 676 3588 subditos
703 3527 772 3583 ad
791 3526 1172 3602 praestandum
1199 3523 1326 3580 istis
1346 3522 1846 3580 excommunicatis
1864 3520 2215 3595 obsequium,
2321 3514 2335 3594 ζ

421 3631 657 3706 insuper
689 3625 1074 3684 auctoritative
1116 3624 1558 3699 pronuntiarunt
1599 3620 1966 3697 depositionis
2009 3607 2333 3677 sententia}

419 3736 473 3787 et
507 3729 764 3788 subditos
789 3728 858 3784 ab
884 3725 1212 3783 obedieutiae
1239 3724 1424 3780 debito
1455 3724 1832 3780 absolverunt.
2271 3719 2275 3723 ’
