<?xml version="1.0" encoding="UTF-8"?>
<!DOCTYPE html PUBLIC "-//W3C//DTD XHTML 1.0 Transitional//EN"
    "http://www.w3.org/TR/xhtml1/DTD/xhtml1-transitional.dtd">
<html xmlns="http://www.w3.org/1999/xhtml" xml:lang="en" lang="en">
 <head>
  <title>
</title>
<meta http-equiv="Content-Type" content="text/html;charset=utf-8" />
  <meta name='ocr-system' content='tesseract 3.04.00' />
  <meta name='ocr-capabilities' content='ocr_page ocr_carea ocr_par ocr_line ocrx_word'/>
</head>
<body>
  <div class='ocr_page' id='page_1' title='image "a548470103bouiuoft_0274.png"; bbox 0 0 2340 3990; ppageno 0'>
   <div class='ocr_carea' id='block_1_1' title="bbox 359 358 1595 411">
    <p class='ocr_par' dir='ltr' id='par_1_1' title="bbox 359 358 1595 411">
     <span class='ocr_line' id='line_1_1' title="bbox 359 358 1595 411; baseline -0.005 0"><span class='ocrx_word' id='word_1_1' title='bbox 359 365 448 411; x_wconf 83' lang='lat'>250</span> <span class='ocrx_word' id='word_1_2' title='bbox 1025 358 1320 407; x_wconf 82' lang='lat' dir='ltr'>TRACTATUS</span> <span class='ocrx_word' id='word_1_3' title='bbox 1350 359 1417 406; x_wconf 81' lang='lat' dir='ltr'>DE</span> <span class='ocrx_word' id='word_1_4' title='bbox 1446 358 1595 406; x_wconf 82' lang='lat' dir='ltr'>PAPA.</span> 
     </span>
    </p>
   </div>
   <div class='ocr_carea' id='block_1_2' title="bbox 344 466 2340 2751">
    <p class='ocr_par' dir='ltr' id='par_1_2' title="bbox 344 466 2340 2751">
     <span class='ocr_line' id='line_1_2' title="bbox 357 466 2268 544; baseline -0.001 -15"><span class='ocrx_word' id='word_1_5' title='bbox 357 473 416 529; x_wconf 92' lang='lat' dir='ltr'>in</span> <span class='ocrx_word' id='word_1_6' title='bbox 443 490 508 530; x_wconf 94' lang='lat' dir='ltr'>eo</span> <span class='ocrx_word' id='word_1_7' title='bbox 529 476 656 541; x_wconf 90' lang='lat' dir='ltr'>stat,</span> <span class='ocrx_word' id='word_1_8' title='bbox 677 467 824 544; x_wconf 86' lang='lat' dir='ltr'>quod</span> <span class='ocrx_word' id='word_1_9' title='bbox 859 466 1656 542; x_wconf 85' lang='lat' dir='ltr'>Tertullianusimperatorem</span> <span class='ocrx_word' id='word_1_10' title='bbox 1700 468 2011 525; x_wconf 85' lang='lat' dir='ltr'>asseruerit·</span> <span class='ocrx_word' id='word_1_11' title='bbox 2041 472 2268 544; x_wconf 79' lang='lat' dir='ltr'>primum</span> 
     </span>
     <span class='ocr_line' id='line_1_3' title="bbox 350 565 2282 647; baseline -0.001 -18"><span class='ocrx_word' id='word_1_12' title='bbox 350 580 475 647; x_wconf 78' lang='lat' dir='ltr'>post</span> <span class='ocrx_word' id='word_1_13' title='bbox 501 573 686 628; x_wconf 78' lang='lat' dir='ltr'>Deum.</span> <span class='ocrx_word' id='word_1_14' title='bbox 717 567 1150 642; x_wconf 82' lang='lat' dir='ltr'>Intelligendum</span> <span class='ocrx_word' id='word_1_15' title='bbox 1177 571 1365 624; x_wconf 91' lang='lat' dir='ltr'>autem</span> <span class='ocrx_word' id='word_1_16' title='bbox 1387 571 1492 639; x_wconf 87' lang='lat' dir='ltr'>est,</span> <span class='ocrx_word' id='word_1_17' title='bbox 1524 567 1735 625; x_wconf 88' lang='lat' dir='ltr'>fatente</span> <span class='ocrx_word' id='word_1_18' title='bbox 1766 565 2074 634; x_wconf 91' lang='lat' dir='ltr'>Bossuetio‚</span> <span class='ocrx_word' id='word_1_19' title='bbox 2102 567 2282 642; x_wconf 50' lang='lat' dir='ltr'>quoad&amp;</span> 
     </span>
     <span class='ocr_line' id='line_1_4' title="bbox 355 652 2281 743; baseline -0.002 -14"><span class='ocrx_word' id='word_1_20' title='bbox 355 672 554 730; x_wconf 77' lang='lat' dir='ltr'>civilem</span> <span class='ocrx_word' id='word_1_21' title='bbox 578 687 672 725; x_wconf 79' lang='lat' dir='ltr'>seu</span> <span class='ocrx_word' id='word_1_22' title='bbox 697 667 1040 743; x_wconf 82' lang='lat' dir='ltr'><em>temporalem</em></span> <span class='ocrx_word' id='word_1_23' title='bbox 1060 673 1399 742; x_wconf 82' lang='lat' dir='ltr'>potestatem,</span> <span class='ocrx_word' id='word_1_24' title='bbox 1434 652 1548 724; x_wconf 76' lang='lat' dir='ltr'>nbn</span> <span class='ocrx_word' id='word_1_25' title='bbox 1578 666 1762 742; x_wconf 87' lang='lat' dir='ltr'>quoad</span> <span class='ocrx_word' id='word_1_26' title='bbox 1801 665 2149 741; x_wconf 89' lang='lat' dir='ltr'>spiritualem</span> <span class='ocrx_word' id='word_1_27' title='bbox 2175 685 2281 727; x_wconf 81' lang='lat' dir='ltr'>seu.</span> 
     </span>
     <span class='ocr_line' id='line_1_5' title="bbox 354 763 2278 842; baseline -0.005 -15"><span class='ocrx_word' id='word_1_28' title='bbox 354 768 804 827; x_wconf 89' lang='lat' dir='ltr'>ecclesiasticam.</span> <span class='ocrx_word' id='word_1_29' title='bbox 832 768 1024 838; x_wconf 84' lang='lat' dir='ltr'>Porr0‚</span> <span class='ocrx_word' id='word_1_30' title='bbox 1057 766 1302 823; x_wconf 88' lang='lat' dir='ltr'>admissa</span> <span class='ocrx_word' id='word_1_31' title='bbox 1325 765 1560 823; x_wconf 90' lang='lat' dir='ltr'>Romani</span> <span class='ocrx_word' id='word_1_32' title='bbox 1590 763 1871 842; x_wconf 89' lang='lat' dir='ltr'>pontificis</span> <span class='ocrx_word' id='word_1_33' title='bbox 1895 765 2153 822; x_wconf 82' lang='lat' dir='ltr'>indirecta</span> <span class='ocrx_word' id='word_1_34' title='bbox 2179 767 2278 842; x_wconf 59' lang='lat' dir='ltr'>po&#39;ai</span> 
     </span>
     <span class='ocr_line' id='line_1_6' title="bbox 355 865 2282 945; baseline -0.002 -18"><span class='ocrx_word' id='word_1_35' title='bbox 355 875 550 927; x_wconf 81' lang='lat' dir='ltr'>testate</span> <span class='ocrx_word' id='word_1_36' title='bbox 591 887 752 945; x_wconf 84' lang='lat' dir='ltr'>reges</span> <span class='ocrx_word' id='word_1_37' title='bbox 793 867 1090 927; x_wconf 85' lang='lat' dir='ltr'>coercendi</span> <span class='ocrx_word' id='word_1_38' title='bbox 1130 873 1184 924; x_wconf 91' lang='lat' dir='ltr'>et</span> <span class='ocrx_word' id='word_1_39' title='bbox 1225 885 1293 924; x_wconf 85' lang='lat' dir='ltr'>ex</span> <span class='ocrx_word' id='word_1_40' title='bbox 1326 866 1476 940; x_wconf 87' lang='lat' dir='ltr'>justa</span> <span class='ocrx_word' id='word_1_41' title='bbox 1514 884 1681 924; x_wconf 88' lang='lat' dir='ltr'>causa</span> <span class='ocrx_word' id='word_1_42' title='bbox 1711 865 2050 941; x_wconf 84' lang='lat' dir='ltr'>deponendi,</span> <span class='ocrx_word' id='word_1_43' title='bbox 2081 883 2282 926; x_wconf 60' lang='lat' dir='ltr'>verum)</span> 
     </span>
     <span class='ocr_line' id='line_1_7' title="bbox 353 966 2299 1045; baseline -0.001 -18"><span class='ocrx_word' id='word_1_44' title='bbox 353 975 603 1027; x_wconf 77' lang='lat' dir='ltr'>remanet</span> <span class='ocrx_word' id='word_1_45' title='bbox 629 970 1026 1045; x_wconf 77' lang='lat' dir='ltr'>imperatorem</span> <span class='ocrx_word' id='word_1_46' title='bbox 1067 967 1247 1042; x_wconf 91' lang='lat' dir='ltr'>quoad</span> <span class='ocrx_word' id='word_1_47' title='bbox 1274 967 1583 1042; x_wconf 76' lang='lat' dir='ltr'>temporale</span> <span class='ocrx_word' id='word_1_48' title='bbox 1608 966 1862 1041; x_wconf 83' lang='lat' dir='ltr'>regimen</span> <span class='ocrx_word' id='word_1_49' title='bbox 1896 983 2017 1022; x_wconf 89' lang='lat' dir='ltr'>esse</span> <span class='ocrx_word' id='word_1_50' title='bbox 2044 968 2299 1041; x_wconf 51' lang='lat' dir='ltr'>primurm·¹</span> 
     </span>
     <span class='ocr_line' id='line_1_8' title="bbox 348 1066 2284 1147; baseline -0.002 -19"><span class='ocrx_word' id='word_1_51' title='bbox 348 1082 471 1147; x_wconf 75' lang='lat' dir='ltr'>post</span> <span class='ocrx_word' id='word_1_52' title='bbox 505 1072 692 1129; x_wconf 82' lang='lat' dir='ltr'>Deum.</span> <span class='ocrx_word' id='word_1_53' title='bbox 742 1072 878 1128; x_wconf 89' lang='lat' dir='ltr'>Nam</span> <span class='ocrx_word' id='word_1_54' title='bbox 929 1069 1174 1127; x_wconf 77' lang='lat' dir='ltr'>Ecclesia</span> <span class='ocrx_word' id='word_1_55' title='bbox 1223 1068 1593 1144; x_wconf 86' lang='lat' dir='ltr'>depositionis</span> <span class='ocrx_word' id='word_1_56' title='bbox 1647 1066 1985 1125; x_wconf 86' lang='lat' dir='ltr'>sententiam</span> <span class='ocrx_word' id='word_1_57' title='bbox 2027 1085 2284 1142; x_wconf 89' lang='lat' dir='ltr'>pronun-·</span> 
     </span>
     <span class='ocr_line' id='line_1_9' title="bbox 353 1166 2303 1248; baseline -0.003 -18"><span class='ocrx_word' id='word_1_58' title='bbox 353 1174 541 1230; x_wconf 86' lang='lat' dir='ltr'>tiando</span> <span class='ocrx_word' id='word_1_59' title='bbox 574 1193 673 1230; x_wconf 90' lang='lat' dir='ltr'>seu</span> <span class='ocrx_word' id='word_1_60' title='bbox 698 1174 1095 1248; x_wconf 77' lang='lat' dir='ltr'>imperatorem</span> <span class='ocrx_word' id='word_1_61' title='bbox 1125 1170 1604 1245; x_wconf 84' lang='lat' dir='ltr'>deponend0,non</span> <span class='ocrx_word' id='word_1_62' title='bbox 1627 1173 1905 1244; x_wconf 87' lang='lat' dir='ltr'>quatenus</span> <span class='ocrx_word' id='word_1_63' title='bbox 1931 1166 2303 1243; x_wconf 43' lang='lat' dir='ltr'>temporali-53⁶5</span> 
     </span>
     <span class='ocr_line' id='line_1_10' title="bbox 359 1241 2334 1350; baseline -0.003 -20"><span class='ocrx_word' id='word_1_64' title='bbox 359 1275 454 1331; x_wconf 87' lang='lat' dir='ltr'>sed</span> <span class='ocrx_word' id='word_1_65' title='bbox 474 1252 752 1349; x_wconf 48' lang='lat' dir='ltr'>quatenu-s</span> <span class='ocrx_word' id='word_1_66' title='bbox 780 1272 1077 1347; x_wconf 74' lang='lat' dir='ltr'>spiritualis</span> <span class='ocrx_word' id='word_1_67' title='bbox 1117 1271 1380 1347; x_wconf 87' lang='lat' dir='ltr'>superior</span> <span class='ocrx_word' id='word_1_68' title='bbox 1419 1270 1477 1326; x_wconf 91' lang='lat' dir='ltr'>id</span> <span class='ocrx_word' id='word_1_69' title='bbox 1511 1269 1616 1327; x_wconf 90' lang='lat' dir='ltr'>sibi</span> <span class='ocrx_word' id='word_1_70' title='bbox 1643 1268 1908 1327; x_wconf 87' lang='lat' dir='ltr'>vindicat.</span> <span class='ocrx_word' id='word_1_71' title='bbox 1938 1268 2046 1325; x_wconf 90' lang='lat' dir='ltr'>Nec</span> <span class='ocrx_word' id='word_1_72' title='bbox 2069 1267 2193 1325; x_wconf 89' lang='lat' dir='ltr'>ideo</span> <span class='ocrx_word' id='word_1_73' title='bbox 2219 1241 2334 1350; x_wconf 30' lang='lat' dir='ltr'>sedi·</span> 
     </span>
     <span class='ocr_line' id='line_1_11' title="bbox 358 1367 2253 1450; baseline -0.003 -20"><span class='ocrx_word' id='word_1_74' title='bbox 358 1374 651 1450; x_wconf 81' lang='lat' dir='ltr'>profitetur</span> <span class='ocrx_word' id='word_1_75' title='bbox 682 1392 712 1429; x_wconf 87' lang='lat' dir='ltr'>a</span> <span class='ocrx_word' id='word_1_76' title='bbox 748 1372 964 1429; x_wconf 88' lang='lat' dir='ltr'>Christo</span> <span class='ocrx_word' id='word_1_77' title='bbox 993 1371 1311 1428; x_wconf 87' lang='lat' dir='ltr'>institutam</span> <span class='ocrx_word' id='word_1_78' title='bbox 1350 1375 1412 1427; x_wconf 90' lang='lat' dir='ltr'>ut</span> <span class='ocrx_word' id='word_1_79' title='bbox 1444 1388 1564 1427; x_wconf 89' lang='lat' dir='ltr'>rem</span> <span class='ocrx_word' id='word_1_80' title='bbox 1604 1368 1969 1444; x_wconf 83' lang='lat' dir='ltr'>temporalem</span> <span class='ocrx_word' id='word_1_81' title='bbox 2005 1367 2253 1425; x_wconf 80' lang='lat' dir='ltr'>societati</span> 
     </span>
     <span class='ocr_line' id='line_1_12' title="bbox 359 1455 2291 1541; baseline -0.001 -11"><span class='ocrx_word' id='word_1_82' title='bbox 359 1474 535 1531; x_wconf 88' lang='lat' dir='ltr'>civilis</span> <span class='ocrx_word' id='word_1_83' title='bbox 583 1471 960 1541; x_wconf 73' lang='lat' dir='ltr'>administret,</span> <span class='ocrx_word' id='word_1_84' title='bbox 997 1471 1091 1528; x_wconf 90' lang='lat' dir='ltr'>sed</span> <span class='ocrx_word' id='word_1_85' title='bbox 1134 1477 1198 1527; x_wconf 89' lang='lat' dir='ltr'>ut</span> <span class='ocrx_word' id='word_1_86' title='bbox 1230 1470 1425 1527; x_wconf 87' lang='lat' dir='ltr'>fideles</span> <span class='ocrx_word' id='word_1_87' title='bbox 1459 1470 1530 1526; x_wconf 91' lang='lat' dir='ltr'>ad</span> <span class='ocrx_word' id='word_1_88' title='bbox 1571 1475 1836 1528; x_wconf 82' lang='lat' dir='ltr'>aeternam</span> <span class='ocrx_word' id='word_1_89' title='bbox 1873 1455 2291 1528; x_wconf 84' lang='lat' dir='ltr'>beatitudinem</span> 
     </span>
     <span class='ocr_line' id='line_1_13' title="bbox 359 1569 2291 1646; baseline -0.002 -15"><span class='ocrx_word' id='word_1_90' title='bbox 359 1574 631 1631; x_wconf 81' lang='lat' dir='ltr'>traducat.</span> <span class='ocrx_word' id='word_1_91' title='bbox 662 1574 730 1628; x_wconf 91' lang='lat' dir='ltr'>At</span> <span class='ocrx_word' id='word_1_92' title='bbox 753 1589 982 1630; x_wconf 89' lang='lat' dir='ltr'>necesse</span> <span class='ocrx_word' id='word_1_93' title='bbox 1009 1575 1092 1629; x_wconf 86' lang='lat' dir='ltr'>est</span> <span class='ocrx_word' id='word_1_94' title='bbox 1129 1575 1192 1627; x_wconf 92' lang='lat' dir='ltr'>ut</span> <span class='ocrx_word' id='word_1_95' title='bbox 1226 1569 1539 1646; x_wconf 86' lang='lat' dir='ltr'>spiritualis</span> <span class='ocrx_word' id='word_1_96' title='bbox 1568 1571 1685 1627; x_wconf 87' lang='lat' dir='ltr'>haec</span> <span class='ocrx_word' id='word_1_97' title='bbox 1717 1571 1840 1645; x_wconf 87' lang='lat' dir='ltr'>ejus</span> <span class='ocrx_word' id='word_1_98' title='bbox 1877 1570 2070 1627; x_wconf 89' lang='lat' dir='ltr'>missio</span> <span class='ocrx_word' id='word_1_99' title='bbox 2105 1574 2160 1627; x_wconf 93' lang='lat' dir='ltr'>et</span> <span class='ocrx_word' id='word_1_100' title='bbox 2185 1588 2291 1645; x_wconf 63' lang='lat' dir='ltr'>po--=</span> 
     </span>
     <span class='ocr_line' id='line_1_14' title="bbox 360 1669 2286 1748; baseline -0.004 -17"><span class='ocrx_word' id='word_1_101' title='bbox 360 1679 532 1731; x_wconf 90' lang='lat' dir='ltr'>testas</span> <span class='ocrx_word' id='word_1_102' title='bbox 561 1691 851 1730; x_wconf 81' lang='lat' dir='ltr'>removere</span> <span class='ocrx_word' id='word_1_103' title='bbox 880 1673 1058 1747; x_wconf 87' lang='lat' dir='ltr'>possit</span> <span class='ocrx_word' id='word_1_104' title='bbox 1091 1671 1378 1728; x_wconf 83' lang='lat' dir='ltr'>obstacula</span> <span class='ocrx_word' id='word_1_105' title='bbox 1409 1689 1534 1746; x_wconf 80' lang='lat' dir='ltr'>quae</span> <span class='ocrx_word' id='word_1_106' title='bbox 1570 1670 1669 1727; x_wconf 87' lang='lat' dir='ltr'>fini</span> <span class='ocrx_word' id='word_1_107' title='bbox 1706 1670 1813 1728; x_wconf 91' lang='lat' dir='ltr'>sibi</span> <span class='ocrx_word' id='word_1_108' title='bbox 1846 1671 2071 1748; x_wconf 86' lang='lat' dir='ltr'>proprio</span> <span class='ocrx_word' id='word_1_109' title='bbox 2109 1669 2286 1727; x_wconf 72' lang='lat' dir='ltr'>obsta,</span> 
     </span>
     <span class='ocr_line' id='line_1_15' title="bbox 361 1770 2340 1855; baseline -0.002 -26"><span class='ocrx_word' id='word_1_110' title='bbox 361 1780 506 1830; x_wconf 88' lang='lat' dir='ltr'>rent.</span> <span class='ocrx_word' id='word_1_111' title='bbox 537 1774 710 1847; x_wconf 76' lang='lat' dir='ltr'>Igitur</span> <span class='ocrx_word' id='word_1_112' title='bbox 737 1772 1051 1829; x_wconf 91' lang='lat' dir='ltr'>obstantem</span> <span class='ocrx_word' id='word_1_113' title='bbox 1090 1771 1188 1827; x_wconf 86' lang='lat' dir='ltr'>fini</span> <span class='ocrx_word' id='word_1_114' title='bbox 1228 1770 1487 1828; x_wconf 84' lang='lat' dir='ltr'>Ecclesiae</span> <span class='ocrx_word' id='word_1_115' title='bbox 1511 1771 1906 1847; x_wconf 88' lang='lat' dir='ltr'>imperatorem</span> <span class='ocrx_word' id='word_1_116' title='bbox 1933 1770 2299 1847; x_wconf 44' lang='lat' dir='ltr'>deponendos¹</span> <span class='ocrx_word' id='word_1_117' title='bbox 2335 1807 2340 1855; x_wconf 22' lang='grc' dir='ltr'>ζ</span> 
     </span>
     <span class='ocr_line' id='line_1_16' title="bbox 357 1860 2340 1950; baseline -0.002 -19"><span class='ocrx_word' id='word_1_118' title='bbox 357 1879 581 1932; x_wconf 85' lang='lat' dir='ltr'>exercet</span> <span class='ocrx_word' id='word_1_119' title='bbox 603 1893 742 1950; x_wconf 89' lang='lat' dir='ltr'>papa</span> <span class='ocrx_word' id='word_1_120' title='bbox 770 1874 1122 1950; x_wconf 88' lang='lat' dir='ltr'>spiritualem</span> <span class='ocrx_word' id='word_1_121' title='bbox 1144 1877 1196 1928; x_wconf 84' lang='lat' dir='ltr'>et</span> <span class='ocrx_word' id='word_1_122' title='bbox 1222 1871 1657 1930; x_wconf 84' lang='lat' dir='ltr'>ecclesiasticam</span> <span class='ocrx_word' id='word_1_123' title='bbox 1679 1877 2028 1948; x_wconf 86' lang='lat' dir='ltr'>potestatem.</span> <span class='ocrx_word' id='word_1_124' title='bbox 2050 1860 2299 1928; x_wconf 72' lang='lat' dir='ltr'>Proinde?-</span> <span class='ocrx_word' id='word_1_125' title='bbox 2322 1878 2340 1950; x_wconf 55' lang='lat' dir='ltr'>j·</span> 
     </span>
     <span class='ocr_line' id='line_1_17' title="bbox 356 1971 2331 2068; baseline -0.002 -36"><span class='ocrx_word' id='word_1_126' title='bbox 356 1993 553 2033; x_wconf 82' lang='lat' dir='ltr'>verum</span> <span class='ocrx_word' id='word_1_127' title='bbox 587 1979 839 2031; x_wconf 85' lang='lat' dir='ltr'>remanet</span> <span class='ocrx_word' id='word_1_128' title='bbox 869 1974 1266 2048; x_wconf 79' lang='lat' dir='ltr'>impeiatorem</span> <span class='ocrx_word' id='word_1_129' title='bbox 1312 1991 1436 2030; x_wconf 87' lang='lat' dir='ltr'>esse</span> <span class='ocrx_word' id='word_1_130' title='bbox 1471 1975 1703 2047; x_wconf 77' lang='lat' dir='ltr'>primum</span> <span class='ocrx_word' id='word_1_131' title='bbox 1731 1980 1857 2048; x_wconf 78' lang='lat' dir='ltr'>post</span> <span class='ocrx_word' id='word_1_132' title='bbox 1894 1973 2061 2028; x_wconf 84' lang='lat' dir='ltr'>Deum</span> <span class='ocrx_word' id='word_1_133' title='bbox 2101 1971 2300 2046; x_wconf 87' lang='lat' dir='ltr'>quoad</span> <span class='ocrx_word' id='word_1_134' title='bbox 2302 1989 2331 2068; x_wconf 52' lang='grc' dir='ltr'>ιζ</span> 
     </span>
     <span class='ocr_line' id='line_1_18' title="bbox 357 2073 2322 2151; baseline -0.003 -17"><span class='ocrx_word' id='word_1_135' title='bbox 357 2076 660 2151; x_wconf 80' lang='lat' dir='ltr'>temporale</span> <span class='ocrx_word' id='word_1_136' title='bbox 683 2076 959 2149; x_wconf 83' lang='lat' dir='ltr'>regimen.</span> <span class='ocrx_word' id='word_1_137' title='bbox 986 2074 1123 2138; x_wconf 86' lang='lat' dir='ltr'>Quia</span> <span class='ocrx_word' id='word_1_138' title='bbox 1149 2092 1373 2148; x_wconf 85' lang='lat' dir='ltr'>nempe,</span> <span class='ocrx_word' id='word_1_139' title='bbox 1391 2073 1525 2130; x_wconf 90' lang='lat' dir='ltr'>licet</span> <span class='ocrx_word' id='word_1_140' title='bbox 1554 2073 1737 2130; x_wconf 88' lang='lat' dir='ltr'>subsit</span> <span class='ocrx_word' id='word_1_141' title='bbox 1761 2090 1934 2148; x_wconf 87' lang='lat' dir='ltr'>papae,</span> <span class='ocrx_word' id='word_1_142' title='bbox 1957 2090 2067 2129; x_wconf 93' lang='lat' dir='ltr'>non</span> <span class='ocrx_word' id='word_1_143' title='bbox 2095 2075 2322 2131; x_wconf 83' lang='lat' dir='ltr'>tamen</span> 
     </span>
     <span class='ocr_line' id='line_1_19' title="bbox 353 2162 2327 2253; baseline -0.002 -21"><span class='ocrx_word' id='word_1_144' title='bbox 353 2182 632 2253; x_wconf 81' lang='lat' dir='ltr'>quatenus</span> <span class='ocrx_word' id='word_1_145' title='bbox 652 2176 970 2252; x_wconf 89' lang='lat' dir='ltr'>temporali,</span> <span class='ocrx_word' id='word_1_146' title='bbox 996 2175 1092 2232; x_wconf 90' lang='lat' dir='ltr'>sed</span> <span class='ocrx_word' id='word_1_147' title='bbox 1116 2180 1397 2250; x_wconf 86' lang='lat' dir='ltr'>quatenus</span> <span class='ocrx_word' id='word_1_148' title='bbox 1423 2174 1702 2248; x_wconf 86' lang='lat' dir='ltr'>spirituali</span> <span class='ocrx_word' id='word_1_149' title='bbox 1725 2173 1955 2248; x_wconf 90' lang='lat' dir='ltr'>pastori.</span> <span class='ocrx_word' id='word_1_150' title='bbox 1983 2173 2110 2243; x_wconf 81' lang='lat' dir='ltr'>Sen,</span> <span class='ocrx_word' id='word_1_151' title='bbox 2134 2162 2327 2247; x_wconf 51' lang='lat' dir='ltr'>quod!</span> 
     </span>
     <span class='ocr_line' id='line_1_20' title="bbox 354 2272 2325 2352; baseline -0.004 -17"><span class='ocrx_word' id='word_1_152' title='bbox 354 2279 504 2336; x_wconf 88' lang='lat' dir='ltr'>idern</span> <span class='ocrx_word' id='word_1_153' title='bbox 536 2286 642 2350; x_wconf 78' lang='lat' dir='ltr'>est,</span> <span class='ocrx_word' id='word_1_154' title='bbox 676 2278 825 2335; x_wconf 90' lang='lat' dir='ltr'>inter</span> <span class='ocrx_word' id='word_1_155' title='bbox 849 2279 1023 2334; x_wconf 88' lang='lat' dir='ltr'>Deum</span> <span class='ocrx_word' id='word_1_156' title='bbox 1050 2282 1101 2334; x_wconf 90' lang='lat' dir='ltr'>et</span> <span class='ocrx_word' id='word_1_157' title='bbox 1126 2277 1526 2352; x_wconf 87' lang='lat' dir='ltr'>imperatorem</span> <span class='ocrx_word' id='word_1_158' title='bbox 1556 2293 1670 2332; x_wconf 94' lang='lat' dir='ltr'>non</span> <span class='ocrx_word' id='word_1_159' title='bbox 1703 2279 1788 2331; x_wconf 91' lang='lat' dir='ltr'>est</span> <span class='ocrx_word' id='word_1_160' title='bbox 1813 2274 1929 2330; x_wconf 90' lang='lat' dir='ltr'>ulla</span> <span class='ocrx_word' id='word_1_161' title='bbox 1955 2272 2319 2330; x_wconf 75' lang='lat' dir='ltr'>intermedia</span> <span class='ocrx_word' id='word_1_162' title='bbox 2323 2323 2325 2328; x_wconf 74' lang='grc'>,</span> 
     </span>
     <span class='ocr_line' id='line_1_21' title="bbox 344 2370 2327 2454; baseline -0.003 -18"><span class='ocrx_word' id='word_1_163' title='bbox 344 2387 586 2454; x_wconf 78' lang='lat' dir='ltr'>potestas</span> <span class='ocrx_word' id='word_1_164' title='bbox 625 2379 952 2453; x_wconf 70' lang='lat' dir='ltr'>temporaliS,</span> <span class='ocrx_word' id='word_1_165' title='bbox 998 2377 1132 2434; x_wconf 88' lang='lat' dir='ltr'>licet</span> <span class='ocrx_word' id='word_1_166' title='bbox 1174 2376 1512 2433; x_wconf 90' lang='lat' dir='ltr'>intermedia</span> <span class='ocrx_word' id='word_1_167' title='bbox 1556 2376 1631 2432; x_wconf 92' lang='lat' dir='ltr'>sit</span> <span class='ocrx_word' id='word_1_168' title='bbox 1672 2374 1983 2450; x_wconf 89' lang='lat' dir='ltr'>spiritualis</span> <span class='ocrx_word' id='word_1_169' title='bbox 2029 2370 2315 2432; x_wconf 86' lang='lat' dir='ltr'>Ecclesiae</span> <span class='ocrx_word' id='word_1_170' title='bbox 2326 2446 2327 2450; x_wconf 5' lang='grc' dir='ltr'>ἵ</span> 
     </span>
     <span class='ocr_line' id='line_1_22' title="bbox 352 2473 2284 2555; baseline -0.003 -19"><span class='ocrx_word' id='word_1_171' title='bbox 352 2485 619 2555; x_wconf 87' lang='lat' dir='ltr'>potestas.</span> <span class='ocrx_word' id='word_1_172' title='bbox 671 2478 827 2534; x_wconf 87' lang='lat' dir='ltr'>Hanc</span> <span class='ocrx_word' id='word_1_173' title='bbox 871 2475 1397 2552; x_wconf 87' lang='lat' dir='ltr'>interpretationem</span> <span class='ocrx_word' id='word_1_174' title='bbox 1434 2475 1615 2549; x_wconf 88' lang='lat' dir='ltr'>rejicit</span> <span class='ocrx_word' id='word_1_175' title='bbox 1653 2474 1886 2531; x_wconf 87' lang='lat' dir='ltr'>Bossuet</span> <span class='ocrx_word' id='word_1_176' title='bbox 1915 2494 1926 2527; x_wconf 78' lang='grc' dir='ltr'>ε</span> <span class='ocrx_word' id='word_1_177' title='bbox 1957 2473 2115 2532; x_wconf 77' lang='lat' dir='ltr'>Nobis</span> <span class='ocrx_word' id='word_1_178' title='bbox 2152 2476 2314 2530; x_wconf 81' lang='lat' dir='ltr'>enim</span> 
     </span>
     <span class='ocr_line' id='line_1_23' title="bbox 351 2575 2309 2650; baseline -0.003 -17"><span class='ocrx_word' id='word_1_179' title='bbox 351 2595 457 2633; x_wconf 78' lang='lat' dir='ltr'>non</span> <span class='ocrx_word' id='word_1_180' title='bbox 480 2577 682 2650; x_wconf 80' lang='lat' dir='ltr'>placet,</span> <span class='ocrx_word' id='word_1_181' title='bbox 706 2576 912 2649; x_wconf 83' lang='lat' dir='ltr'>inquit,</span> <span class='ocrx_word' id='word_1_182' title='bbox 938 2577 1102 2632; x_wconf 73' lang='lat' dir='ltr'>verbis</span> <span class='ocrx_word' id='word_1_183' title='bbox 1137 2575 1335 2631; x_wconf 77' lang='lat' dir='ltr'>ludere.</span> <span class='ocrx_word' id='word_1_184' title='bbox 1363 2575 1531 2631; x_wconf 78' lang='lat' dir='ltr'>Plane</span> <span class='ocrx_word' id='word_1_185' title='bbox 1558 2593 1810 2647; x_wconf 75' lang='lat' dir='ltr'>neqamus</span> <span class='ocrx_word' id='word_1_186' title='bbox 1833 2592 1948 2630; x_wconf 85' lang='lat' dir='ltr'>eam</span> <span class='ocrx_word' id='word_1_187' title='bbox 1971 2579 2309 2647; x_wconf 75' lang='lat' dir='ltr'>potestatem·</span> 
     </span>
     <span class='ocr_line' id='line_1_24' title="bbox 355 2674 2285 2751; baseline -0.002 -19"><span class='ocrx_word' id='word_1_188' title='bbox 355 2696 657 2751; x_wconf 77' lang='lat' dir='ltr'>supremam</span> <span class='ocrx_word' id='word_1_189' title='bbox 680 2684 838 2750; x_wconf 77' lang='lat' dir='ltr'>atque</span> <span class='ocrx_word' id='word_1_190' title='bbox 863 2696 895 2732; x_wconf 82' lang='lat' dir='ltr'><em>a</em></span> <span class='ocrx_word' id='word_1_191' title='bbox 920 2677 1028 2733; x_wconf 87' lang='lat' dir='ltr'>Deo</span> <span class='ocrx_word' id='word_1_192' title='bbox 1048 2677 1332 2732; x_wconf 77' lang='lat' dir='ltr'>secundam</span> <span class='ocrx_word' id='word_1_193' title='bbox 1362 2695 1481 2732; x_wconf 81' lang='lat' dir='ltr'>vere</span> <span class='ocrx_word' id='word_1_194' title='bbox 1508 2695 1568 2732; x_wconf 83' lang='lat' dir='ltr'>ac</span> <span class='ocrx_word' id='word_1_195' title='bbox 1592 2678 1727 2732; x_wconf 78' lang='lat' dir='ltr'>serio</span> <span class='ocrx_word' id='word_1_196' title='bbox 1757 2676 1879 2740; x_wconf 74' lang='lat' dir='ltr'>dici,</span> <span class='ocrx_word' id='word_1_197' title='bbox 1899 2693 2015 2748; x_wconf 74' lang='lat' dir='ltr'>quae</span> <span class='ocrx_word' id='word_1_198' title='bbox 2033 2675 2096 2730; x_wconf 83' lang='lat' dir='ltr'>ab</span> <span class='ocrx_word' id='word_1_199' title='bbox 2119 2674 2285 2734; x_wconf 81' lang='lat' dir='ltr'>altera</span> 
     </span>
    </p>
   </div>
   <div class='ocr_carea' id='block_1_3' title="bbox 2256 1300 2340 2025">
    <p class='ocr_par' dir='ltr' id='par_1_3' title="bbox 2256 1300 2340 2025">
     <span class='ocr_line' id='line_1_25' title="bbox 2256 1300 2340 1732; baseline 0 -294"><span class='ocrx_word' id='word_1_200' title='bbox 2256 1300 2340 1732; x_wconf 95' lang='lat' dir='ltr'>    </span> 
     </span>
     <span class='ocr_line' id='line_1_26' title="bbox 2287 1732 2340 2025; baseline 0 -140"><span class='ocrx_word' id='word_1_201' title='bbox 2287 1732 2340 2025; x_wconf 95' lang='lat' dir='ltr'>  </span> 
     </span>
    </p>
   </div>
   <div class='ocr_carea' id='block_1_4' title="bbox 361 2773 2321 3853">
    <p class='ocr_par' dir='ltr' id='par_1_4' title="bbox 361 2773 2321 3853">
     <span class='ocr_line' id='line_1_27' title="bbox 363 2773 2296 2853; baseline -0.003 -19"><span class='ocrx_word' id='word_1_202' title='bbox 363 2797 682 2853; x_wconf 74' lang='lat' dir='ltr'>quocumque</span> <span class='ocrx_word' id='word_1_203' title='bbox 700 2781 923 2845; x_wconf 74' lang='lat' dir='ltr'>,nomine</span> <span class='ocrx_word' id='word_1_204' title='bbox 955 2780 1063 2834; x_wconf 78' lang='lat' dir='ltr'>sive</span> <span class='ocrx_word' id='word_1_205' title='bbox 1101 2778 1294 2833; x_wconf 73' lang='lat' dir='ltr'>directe</span> <span class='ocrx_word' id='word_1_206' title='bbox 1330 2778 1441 2832; x_wconf 78' lang='lat' dir='ltr'>sive</span> <span class='ocrx_word' id='word_1_207' title='bbox 1480 2777 1731 2833; x_wconf 72' lang='lat' dir='ltr'>indirecte</span> <span class='ocrx_word' id='word_1_208' title='bbox 1765 2775 1956 2849; x_wconf 74' lang='lat' dir='ltr'>deponi</span> <span class='ocrx_word' id='word_1_209' title='bbox 1983 2777 2113 2830; x_wconf 79' lang='lat' dir='ltr'>etin</span> <span class='ocrx_word' id='word_1_210' title='bbox 2144 2773 2296 2830; x_wconf 49' lang='lat' dir='ltr'>ordis</span> 
     </span>
     <span class='ocr_line' id='line_1_28' title="bbox 361 2873 2285 2954; baseline -0.004 -19"><span class='ocrx_word' id='word_1_211' title='bbox 361 2898 480 2936; x_wconf 70' lang='lat' dir='ltr'>nem</span> <span class='ocrx_word' id='word_1_212' title='bbox 503 2879 645 2952; x_wconf 72' lang='lat' dir='ltr'>acliqz&#39;</span> <span class='ocrx_word' id='word_1_213' title='bbox 670 2881 841 2953; x_wconf 75' lang='lat' dir='ltr'>possit</span> <span class='ocrx_word' id='word_1_214' title='bbox 862 2878 1019 2954; x_wconf 84' lang='lat' dir='ltr'>(edit.</span> <span class='ocrx_word' id='word_1_215' title='bbox 1042 2877 1226 2948; x_wconf 78' lang='lat' dir='ltr'>Lebel,</span> <span class='ocrx_word' id='word_1_216' title='bbox 1248 2882 1286 2932; x_wconf 89' lang='lat' dir='ltr'>t.</span> <span class='ocrx_word' id='word_1_217' title='bbox 1305 2877 1475 2948; x_wconf 80' lang='lat' dir='ltr'>XXXI,</span> <span class='ocrx_word' id='word_1_218' title='bbox 1498 2895 1553 2951; x_wconf 90' lang='lat' dir='ltr'>p.</span> <span class='ocrx_word' id='word_1_219' title='bbox 1579 2876 1735 2949; x_wconf 82' lang='lat'>575).</span> <span class='ocrx_word' id='word_1_220' title='bbox 1768 2874 1920 2940; x_wconf 86' lang='lat' dir='ltr'>Quod</span> <span class='ocrx_word' id='word_1_221' title='bbox 1952 2873 2098 2930; x_wconf 90' lang='lat' dir='ltr'>dicta</span> <span class='ocrx_word' id='word_1_222' title='bbox 2122 2873 2285 2930; x_wconf 80' lang='lat' dir='ltr'>inter-</span> 
     </span>
     <span class='ocr_line' id='line_1_29' title="bbox 361 2974 2287 3053; baseline -0.004 -18"><span class='ocrx_word' id='word_1_223' title='bbox 361 2979 598 3053; x_wconf 88' lang='lat' dir='ltr'>pretatio</span> <span class='ocrx_word' id='word_1_224' title='bbox 642 2979 713 3035; x_wconf 90' lang='lat' dir='ltr'>sit</span> <span class='ocrx_word' id='word_1_225' title='bbox 733 2979 880 3034; x_wconf 75' lang='lat' dir='ltr'>lusus</span> <span class='ocrx_word' id='word_1_226' title='bbox 912 2980 1188 3034; x_wconf 77' lang='lat' dir='ltr'>verboram</span> <span class='ocrx_word' id='word_1_227' title='bbox 1218 2976 1505 3034; x_wconf 83' lang='lat' dir='ltr'>debuisset</span> <span class='ocrx_word' id='word_1_228' title='bbox 1526 2974 1851 3032; x_wconf 89' lang='lat' dir='ltr'>Bossuetius</span> <span class='ocrx_word' id='word_1_229' title='bbox 1883 2974 1970 3031; x_wconf 89' lang='lat' dir='ltr'>vel</span> <span class='ocrx_word' id='word_1_230' title='bbox 2002 2991 2112 3029; x_wconf 93' lang='lat' dir='ltr'>non</span> <span class='ocrx_word' id='word_1_231' title='bbox 2147 2976 2287 3028; x_wconf 62' lang='lat' dir='ltr'>asse⁴</span> 
     </span>
     <span class='ocr_line' id='line_1_30' title="bbox 362 3071 2287 3154; baseline -0.004 -20"><span class='ocrx_word' id='word_1_232' title='bbox 362 3097 507 3148; x_wconf 77' lang='lat' dir='ltr'>rere,</span> <span class='ocrx_word' id='word_1_233' title='bbox 538 3079 625 3135; x_wconf 87' lang='lat' dir='ltr'>vel</span> <span class='ocrx_word' id='word_1_234' title='bbox 660 3080 918 3154; x_wconf 85' lang='lat' dir='ltr'>probare.</span> <span class='ocrx_word' id='word_1_235' title='bbox 965 3078 1101 3136; x_wconf 78' lang='lat' dir='ltr'>Item</span> <span class='ocrx_word' id='word_1_236' title='bbox 1137 3077 1286 3134; x_wconf 89' lang='lat' dir='ltr'>istud</span> <span class='ocrx_word' id='word_1_237' title='bbox 1317 3095 1486 3133; x_wconf 89' lang='lat' dir='ltr'>suum</span> <span class='ocrx_word' id='word_1_238' title='bbox 1521 3076 1683 3149; x_wconf 79' lang='lat' dir='ltr'>plane</span> <span class='ocrx_word' id='word_1_239' title='bbox 1722 3092 1971 3148; x_wconf 59' lang='lat' dir='ltr'>negamus</span> <span class='ocrx_word' id='word_1_240' title='bbox 2011 3071 2287 3129; x_wconf 78' lang='lat' dir='ltr'>debuisset</span> 
     </span>
     <span class='ocr_line' id='line_1_31' title="bbox 363 3168 2286 3251; baseline -0.005 -17"><span class='ocrx_word' id='word_1_241' title='bbox 363 3177 679 3235; x_wconf 86' lang='lat' dir='ltr'>rationibus</span> <span class='ocrx_word' id='word_1_242' title='bbox 707 3178 1023 3251; x_wconf 78' lang='lat' dir='ltr'>legitimum</span> <span class='ocrx_word' id='word_1_243' title='bbox 1067 3178 1383 3235; x_wconf 88' lang='lat' dir='ltr'>ostendere.</span> <span class='ocrx_word' id='word_1_244' title='bbox 1421 3176 1487 3231; x_wconf 91' lang='lat' dir='ltr'>At</span> <span class='ocrx_word' id='word_1_245' title='bbox 1518 3176 1691 3230; x_wconf 86' lang='lat' dir='ltr'>nullae</span> <span class='ocrx_word' id='word_1_246' title='bbox 1720 3171 2097 3248; x_wconf 83' lang='lat' dir='ltr'>probationes,</span> <span class='ocrx_word' id='word_1_247' title='bbox 2125 3168 2286 3227; x_wconf 91' lang='lat' dir='ltr'>ratio-</span> 
     </span>
     <span class='ocr_line' id='line_1_32' title="bbox 362 3267 2321 3348; baseline -0.005 -14"><span class='ocrx_word' id='word_1_248' title='bbox 362 3295 461 3334; x_wconf 91' lang='lat' dir='ltr'>nes</span> <span class='ocrx_word' id='word_1_249' title='bbox 489 3277 678 3333; x_wconf 87' lang='lat' dir='ltr'>nullae.</span> <span class='ocrx_word' id='word_1_250' title='bbox 698 3277 874 3333; x_wconf 92' lang='lat' dir='ltr'>Immo</span> <span class='ocrx_word' id='word_1_251' title='bbox 895 3295 995 3333; x_wconf 89' lang='lat' dir='ltr'>nec</span> <span class='ocrx_word' id='word_1_252' title='bbox 1014 3277 1180 3333; x_wconf 92' lang='lat' dir='ltr'>etiam</span> <span class='ocrx_word' id='word_1_253' title='bbox 1215 3274 1488 3332; x_wconf 90' lang='lat' dir='ltr'>sententia</span> <span class='ocrx_word' id='word_1_254' title='bbox 1507 3291 1630 3347; x_wconf 81' lang='lat' dir='ltr'>quae</span> <span class='ocrx_word' id='word_1_255' title='bbox 1647 3290 1800 3348; x_wconf 86' lang='lat' dir='ltr'>papae</span> <span class='ocrx_word' id='word_1_256' title='bbox 1820 3271 2022 3327; x_wconf 92' lang='lat' dir='ltr'>tribuit</span> <span class='ocrx_word' id='word_1_257' title='bbox 2045 3271 2293 3326; x_wconf 77' lang='lat' dir='ltr'>directam·</span> <span class='ocrx_word' id='word_1_258' title='bbox 2319 3267 2321 3270; x_wconf 44' lang='lat'><em>⁴</em></span> 
     </span>
     <span class='ocr_line' id='line_1_33' title="bbox 361 3352 2288 3452; baseline -0.006 -17"><span class='ocrx_word' id='word_1_259' title='bbox 361 3379 422 3435; x_wconf 91' lang='lat' dir='ltr'>in</span> <span class='ocrx_word' id='word_1_260' title='bbox 446 3377 776 3452; x_wconf 84' lang='lat' dir='ltr'>temporalia</span> <span class='ocrx_word' id='word_1_261' title='bbox 810 3383 1168 3452; x_wconf 82' lang='lat' dir='ltr'>potestatem,</span> <span class='ocrx_word' id='word_1_262' title='bbox 1195 3391 1426 3430; x_wconf 86' lang='lat' dir='ltr'>erronea</span> <span class='ocrx_word' id='word_1_263' title='bbox 1459 3373 1734 3449; x_wconf 88' lang='lat' dir='ltr'>probatur</span> <span class='ocrx_word' id='word_1_264' title='bbox 1760 3389 1861 3447; x_wconf 91' lang='lat' dir='ltr'>per</span> <span class='ocrx_word' id='word_1_265' title='bbox 1903 3352 2143 3445; x_wconf 85' lang='lat' dir='ltr'>objectos</span> <span class='ocrx_word' id='word_1_266' title='bbox 2166 3368 2288 3424; x_wconf 85' lang='lat' dir='ltr'>Ter·</span> 
     </span>
     <span class='ocr_line' id='line_1_34' title="bbox 365 3472 2287 3550; baseline -0.006 -16"><span class='ocrx_word' id='word_1_267' title='bbox 365 3476 587 3534; x_wconf 89' lang='lat' dir='ltr'>tulliani</span> <span class='ocrx_word' id='word_1_268' title='bbox 624 3480 825 3532; x_wconf 89' lang='lat' dir='ltr'>textus.</span> <span class='ocrx_word' id='word_1_269' title='bbox 869 3476 1139 3550; x_wconf 87' lang='lat' dir='ltr'>Equidem</span> <span class='ocrx_word' id='word_1_270' title='bbox 1183 3474 1338 3531; x_wconf 91' lang='lat' dir='ltr'>illius</span> <span class='ocrx_word' id='word_1_271' title='bbox 1376 3472 1668 3530; x_wconf 83' lang='lat' dir='ltr'>sententiae</span> <span class='ocrx_word' id='word_1_272' title='bbox 1706 3472 1928 3548; x_wconf 90' lang='lat' dir='ltr'>patroni</span> <span class='ocrx_word' id='word_1_273' title='bbox 1971 3482 2287 3546; x_wconf 89' lang='lat' dir='ltr'>supremam</span> 
     </span>
     <span class='ocr_line' id='line_1_35' title="bbox 367 3569 2284 3652; baseline -0.007 -16"><span class='ocrx_word' id='word_1_274' title='bbox 367 3580 536 3637; x_wconf 87' lang='lat' dir='ltr'>etiam</span> <span class='ocrx_word' id='word_1_275' title='bbox 561 3576 925 3652; x_wconf 86' lang='lat' dir='ltr'>temporalem</span> <span class='ocrx_word' id='word_1_276' title='bbox 944 3576 1002 3632; x_wconf 90' lang='lat' dir='ltr'>in</span> <span class='ocrx_word' id='word_1_277' title='bbox 1021 3582 1136 3633; x_wconf 85' lang='lat' dir='ltr'>toto</span> <span class='ocrx_word' id='word_1_278' title='bbox 1158 3575 1371 3632; x_wconf 89' lang='lat' dir='ltr'>mundo</span> <span class='ocrx_word' id='word_1_279' title='bbox 1393 3579 1728 3651; x_wconf 89' lang='lat' dir='ltr'>potestatem</span> <span class='ocrx_word' id='word_1_280' title='bbox 1753 3590 1910 3648; x_wconf 87' lang='lat' dir='ltr'>papae</span> <span class='ocrx_word' id='word_1_281' title='bbox 1935 3569 2284 3634; x_wconf 77' lang='lat' dir='ltr'>adscribunt;</span> 
     </span>
     <span class='ocr_line' id='line_1_36' title="bbox 368 3666 2280 3752; baseline -0.009 -16"><span class='ocrx_word' id='word_1_282' title='bbox 368 3681 445 3736; x_wconf 88' lang='lat' dir='ltr'>ita</span> <span class='ocrx_word' id='word_1_283' title='bbox 486 3683 570 3746; x_wconf 82' lang='lat' dir='ltr'>ut,</span> <span class='ocrx_word' id='word_1_284' title='bbox 605 3676 1082 3752; x_wconf 86' lang='lat' dir='ltr'>quemadmodum</span> <span class='ocrx_word' id='word_1_285' title='bbox 1127 3676 1237 3732; x_wconf 89' lang='lat' dir='ltr'>fuit</span> <span class='ocrx_word' id='word_1_286' title='bbox 1276 3676 1532 3733; x_wconf 88' lang='lat' dir='ltr'>Christus</span> <span class='ocrx_word' id='word_1_287' title='bbox 1572 3693 1669 3731; x_wconf 85' lang='lat' dir='ltr'>rex</span> <span class='ocrx_word' id='word_1_288' title='bbox 1710 3691 1909 3747; x_wconf 84' lang='lat' dir='ltr'>regum</span> <span class='ocrx_word' id='word_1_289' title='bbox 1943 3677 1996 3729; x_wconf 87' lang='lat' dir='ltr'>et</span> <span class='ocrx_word' id='word_1_290' title='bbox 2024 3666 2280 3726; x_wconf 91' lang='lat' dir='ltr'>dominus</span> 
     </span>
     <span class='ocr_line' id='line_1_37' title="bbox 371 3769 2289 3853; baseline -0.008 -16"><span class='ocrx_word' id='word_1_291' title='bbox 371 3779 807 3846; x_wconf 85' lang='lat' dir='ltr'>dominantium,</span> <span class='ocrx_word' id='word_1_292' title='bbox 839 3779 913 3835; x_wconf 92' lang='lat' dir='ltr'>ita</span> <span class='ocrx_word' id='word_1_293' title='bbox 951 3784 1005 3835; x_wconf 92' lang='lat' dir='ltr'>et</span> <span class='ocrx_word' id='word_1_294' title='bbox 1033 3778 1156 3853; x_wconf 86' lang='lat' dir='ltr'>ejus</span> <span class='ocrx_word' id='word_1_295' title='bbox 1188 3778 1248 3833; x_wconf 92' lang='lat' dir='ltr'>in</span> <span class='ocrx_word' id='word_1_296' title='bbox 1278 3777 1440 3835; x_wconf 89' lang='lat' dir='ltr'>terris</span> <span class='ocrx_word' id='word_1_297' title='bbox 1467 3776 1732 3834; x_wconf 64' lang='lat' dir='ltr'>vicarius</span> <span class='ocrx_word' id='word_1_298' title='bbox 1780 3772 1958 3829; x_wconf 87' lang='lat' dir='ltr'>Simul</span> <span class='ocrx_word' id='word_1_299' title='bbox 1993 3775 2177 3826; x_wconf 90' lang='lat' dir='ltr'>autem</span> <span class='ocrx_word' id='word_1_300' title='bbox 2206 3769 2289 3821; x_wconf 54' lang='lat' dir='ltr'>te*</span> 
     </span>
    </p>
   </div>
  </div>
 </body>
</html>
