2352 4126
932 318 1061 365 PARS
1089 316 1313 371 QUARTA.
1728 334 1733 339 ·
2006 317 2063 366 39

187 431 518 506 quibusdam
554 429 775 486 casibus
803 426 900 502 qui
930 431 1194 483 notantur
1233 424 1406 499 (Eoetr.
1435 422 1539 487 Qui
1578 422 1689 479 sint
1728 423 1985 496 legitimi,
2014 443 2065 486 c.

184 529 284 584 Per
309 526 728 599 venerabilem).
750 546 779 578 »

260 626 571 699 Excerptum
597 642 661 681 ex
685 620 903 679 articulo
932 639 1013 676 vm
1041 623 1335 693 quaestionis
1360 622 1563 695 primae.
1593 652 1661 660 —
1702 641 1730 672 «
1750 619 1947 676 Utrum
1975 639 2069 694 po-

186 729 352 779 testas
372 723 524 795 Papae
549 720 620 776 sit
648 718 819 775 simul
843 717 1164 791 temporalis
1190 722 1244 773 et
1273 716 1601 791 spiritualis.
1627 715 1784 772 -Ad
1810 722 2065 773 octavum

188 822 266 878 sic
291 818 605 895 proceditur
637 838 648 870 :
685 816 903 872 videtur
927 815 1078 871 enim
1112 815 1259 888 quod
1293 815 1351 870 in
1393 816 1532 889 Papa
1568 833 1680 872 non
1715 815 1784 873 sit
1825 822 2064 891 potestas

187 918 484 993 corporalis
507 923 560 973 et
584 914 911 988 spiritualis,
941 912 1071 986 quia
1095 911 1288 968 scribit
1309 913 1494 968 Matth.
1529 933 1626 968 xxn
1649 937 1658 968 :
1681 914 1914 971 Reddite
1937 933 2060 988 quae

187 1021 314 1070 sunt
336 1013 555 1070 Caesaris
579 1011 775 1068 Caesari
801 1017 854 1068 et
871 1028 993 1084 quae
1015 1014 1147 1066 sunt
1160 1009 1254 1065 Dei
1277 1009 1405 1065 Deo,
1433 1008 1536 1064 Sed
1561 1009 1698 1082 Papa
1724 1011 1864 1082 gerit
1890 1012 2060 1068 vicem

185 1112 277 1167 Dei
315 1112 370 1166 in
409 1110 589 1166 terris.
625 1109 766 1182 Ergo
796 1109 863 1164 ad
898 1108 1084 1182 ipsum
1118 1107 1357 1182 pertinet
1378 1124 1511 1162 cura
1540 1107 1918 1180 spiritualium
1946 1117 2066 1168 tan-

185 1214 325 1263 tum.
353 1207 416 1261 Et
440 1207 507 1261 ad
533 1207 796 1261 Caesarem
824 1204 911 1261 vel
940 1203 1334 1278 imperatorem
1360 1202 1600 1276 pertinet
1626 1221 1760 1258 cura
1791 1211 2064 1278 tempora-

185 1302 344 1358 lium.
383 1302 719 1358 Praeterea...
744 1334 819 1341 —
849 1300 909 1355 In
945 1299 1286 1355 contrarium
1323 1304 1427 1363 est,
1474 1297 1605 1372 quia
1646 1298 1742 1371 qui
1789 1305 1964 1372 potest
2009 1301 2066 1356 in

186 1401 384 1473 majuS,
428 1405 604 1473 potest
642 1399 699 1454 in
733 1398 942 1454 minuS.
976 1396 1081 1452 Sed
1111 1396 1291 1469 majus
1330 1402 1414 1451 est
1455 1414 1612 1469 posse
1659 1395 1718 1451 in
1751 1397 2065 1470 spiritualia

185 1517 351 1572 quam
389 1498 446 1552 in
496 1496 799 1570 corporalia
847 1501 899 1551 et
937 1493 1284 1568 temporalia.
1341 1494 1478 1565 Ergo
1520 1511 1649 1548 curn
1691 1494 1830 1567 Papa
1868 1495 2067 1550 habeat

185 1599 505 1668 potestatem
553 1611 720 1666 super
758 1591 1091 1666 spiritualia,
1133 1591 1298 1646 habet
1334 1590 1500 1646 etiam
1544 1595 1866 1664 potestatem
1901 1609 2066 1665 super

183 1693 524 1766 temporalia.
546 1691 1015 1764 —Respondetur
1042 1689 1363 1754 dicendum,
1393 1689 1540 1762 quod
1566 1690 1710 1744 bona
1740 1690 2066 1764 temporalia

187 1798 241 1844 et
283 1790 588 1862 spiritualia
634 1789 700 1844 ad
739 1789 842 1844 tria
876 1795 1110 1863 possunt
1143 1787 1451 1862 comparari
1485 1807 1496 1839 t
1538 1787 1717 1861 primo
1760 1790 1827 1844 ad
1870 1807 2064 1845 eorum

188 1887 631 1960 productionem3
663 1886 904 1941 secundo
930 1886 995 1941 ad
1027 1903 1221 1941 eorum
1249 1885 1685 1951 ordinationem;
1721 1892 1774 1942 et
1810 1888 1972 1943 tertio
1999 1888 2067 1942 ad

187 2002 379 2039 eorum
410 1984 708 2038 motionem
736 1983 830 2038 ·vel
859 1982 1150 2038 actionem.
1185 1983 1248 2036 Et
1278 1983 1586 2038 secundum
1619 1984 1724 2039 ista
1751 1985 1856 2040 tria
1885 1986 2066 2040 tribus

185 2079 492 2133 rationibus
529 2079 739 2133 ostendi
768 2084 942 2152 potest
975 2078 1031 2133 in
1063 2079 1201 2152 Papa
1232 2096 1352 2134 esse
1389 2079 1628 2152 potentia
1674 2097 1842 2152 super
1879 2082 2066 2136 omnia

184 2177 322 2230 bona
356 2175 679 2247 temporalia
720 2182 772 2230 et
806 2176 1134 2247 corporalia.
1165 2208 1233 2215 —
1262 2177 1324 2230 Et
1367 2176 1548 2249 primo
1591 2176 1816 2248 quidem
1847 2185 2070 2251 propter

181 2291 373 2328 eorum
406 2272 843 2346 productionem,
878 2272 1007 2344 quia
1038 2290 1148 2327 non
1182 2273 1248 2327 ab
1276 2273 1383 2328 alio
1410 2274 1675 2344 producta
1705 2281 1833 2328 sunt
1859 2282 2071 2349 tempo-

183 2370 318 2425 ralia
360 2376 413 2425 et
450 2370 517 2424 ab
557 2370 665 2425 alio
702 2369 1036 2443 spiritualia,
1077 2375 1137 2424 ut
1171 2370 1462 2424 manichaei
1494 2376 1844 2443 putaverunt,
1891 2374 1983 2428 sed
2009 2375 2075 2429 ab

182 2467 373 2522 eodem
414 2467 520 2522 Deo
558 2485 587 2522 a
613 2485 721 2539 quo
756 2466 1014 2540 producta
1058 2465 1388 2539 spiritualia,
1419 2467 1485 2520 ab
1513 2468 1706 2522 eodem
1749 2468 1916 2522 ctiam
1952 2488 2076 2543 pro-

184 2565 347 2619 ducta
374 2570 502 2619 sunt
521 2564 827 2638 corporalia
850 2570 902 2620 et
920 2564 1267 2638 temporalia.
1288 2564 1426 2636 Ergo
1446 2565 1584 2638 Papa
1605 2566 1700 2638 qui
1729 2567 1871 2639 gerit
1897 2567 2075 2623 vicem

182 2659 271 2714 Dei
303 2660 361 2714 in
392 2660 578 2731 terris,
607 2678 672 2715 ex
703 2678 808 2733 quo
838 2660 1001 2715 habet
1034 2665 1361 2733 potestatem
1399 2660 1802 2733 spiritualium,
1847 2663 2072 2720 habebit

184 2755 438 2812 similiter
469 2775 658 2813 rerum
688 2763 1008 2832 potestatem
1045 2758 1438 2831 temporalium
1472 2765 1524 2814 et
1555 2760 1949 2833 corporalium.
1978 2761 2067 2818 Se-

182 2852 361 2907 cundo
409 2854 510 2908 hoc
563 2859 709 2927 patet
745 2860 968 2928 propter
1008 2872 1200 2910 eorum
1255 2855 1681 2911 ordinationem.
1725 2856 2063 2914 Ordinantur

181 2949 328 3006 enim
359 2950 474 3024 ipsa
503 2951 644 3007 bona
683 2953 1007 3026 temporalia
1038 2959 1090 3009 et
1131 2954 1439 3027 corporalia
1476 2955 1542 3010 ad
1571 2954 1715 3010 bona
1753 2956 2064 3028 spiritualia

179 3051 440 3119 tanquam
463 3066 663 3121 organa
692 3055 745 3106 et
767 3055 1029 3124 tanquam
1055 3051 1498 3107 instrumenta...
1528 3052 1887 3126 Componitur
1913 3053 2062 3108 enim

178 3142 344 3200 homo
370 3162 434 3201 ex
458 3146 641 3202 anima
668 3153 721 3204 et
759 3165 1005 3221 corpore.
1046 3148 1194 3203 Unde
1221 3148 1362 3203 sicut
1399 3148 1584 3222 ipsum
1610 3167 1810 3223 corpus
1843 3149 2062 3205 ordina-

179 3244 269 3295 tur
307 3243 372 3297 ad
412 3243 656 3299 animam
701 3250 753 3301 et
794 3251 874 3301 est
934 3246 1368 3302 instrumentum
1425 3248 1574 3321 ejuS,
1637 3248 1915 3305 mediante
1951 3266 2060 3322 quo

181 3342 392 3391 exercet
419 3340 757 3411 operationes
796 3359 944 3410 suaS,
990 3342 1069 3397 sic
1109 3327 1225 3416 ipsa
1259 3343 1402 3398 bona
1444 3344 1769 3418 temporalia
1812 3345 1880 3399 ad
1920 3344 2059 3398 bona

181 3429 483 3501 spiritualia
530 3438 856 3495 ordinantur
889 3439 1166 3496 mediante
1206 3442 1365 3515 Papa.
1404 3443 1545 3516 Papa
1595 3460 1726 3516 ergo
1766 3442 1859 3515 qui
1897 3439 2059 3494 habet

182 3528 461 3598 providere
490 3534 605 3590 suis
631 3535 884 3592 fidelibus
909 3538 974 3594 de
1013 3538 1419 3612 spiritualibus,
1466 3539 1628 3595 habet
1674 3540 1866 3595 eodem
1895 3532 2057 3588 modo

104 3618 107 3620 ’
182 3624 466 3696 providere
494 3630 559 3685 de
595 3634 994 3706 temporalibus
1034 3641 1087 3692 et
1122 3637 1522 3711 corporalibus,
1558 3637 1678 3693 sine
1719 3634 1920 3707 quibus
1946 3630 2056 3704 spi-
