2340 3990
304 251 389 298 ¹188
970 248 1268 296 TRACTATUS
1298 249 1360 296 DF
1393 249 1544 296 PAPA.

304 363 508 417 testatis
533 370 582 417 et
597 363 734 434 juris
766 360 964 427 habuit,
991 358 1071 413 vel
1111 376 1370 432 usurpare
1399 376 1558 414 ausus
1579 359 1680 431 fuit
1706 360 1989 433 imperator
2019 364 2209 421 Roma·

299 480 398 517 nus
429 464 482 517 in
513 462 608 516 hac
629 476 764 514 nova
799 452 1005 531 imperii
1038 459 1235 530 forma,
1262 460 1366 514 nisi
1396 462 1649 532 quantum
1673 458 1939 515 Romanus
1959 461 2208 535 Pontifex
2255 521 2273 533 ‚¹
2330 462 2340 533 η’·

300 569 393 616 aut
427 561 588 616 bestia
615 560 661 612 ei
687 559 959 612 concessit.
995 557 1173 630 (Apud
1214 558 1501 630 Bellarm.,
1534 558 1647 614 loco
1677 560 1858 625 citata,
1888 575 2014 632 pag.
2049 560 2203 634 514.)
2262 635 2264 639 .
2335 571 2340 583 ·

376 651 442 705 Le
467 651 778 722 protestant
803 646 1085 704 Theodore
1108 648 1432 706 Bibliandre
1457 648 1702 706 attribue
1738 650 2129 723 pareillement
2160 651 2211 709 le

301 747 399 802 fait
426 763 497 800 au
529 744 651 800 seul
692 744 902 818 pontise
938 745 1155 801 romain
1195 746 1274 819 (in
1299 747 1522 817 chron,
1550 746 1738 802 tabula
1771 746 1864 817 10,
1889 748 1959 804 ad
1983 747 2170 820 finem)
2195 770 2209 804 ε

305 847 367 904 Ut
389 863 488 918 per
510 845 881 916 Lonqobarclos
908 848 1278 918 imperatorem
1303 866 1453 904 novae
1470 848 1645 904 Romae
1655 866 1801 921 papa
1826 850 2013 904 veteris
2035 848 2215 905 Romae

302 942 502 1015 expulit
530 960 597 997 ea·
625 941 802 1008 Italici,
834 944 909 997 ita
948 943 1320 1014 Lonqobarclos
1359 946 1519 999 armis
1547 943 1872 1000 Francorum
1914 947 2174 1019 oppressit
2195 969 2212 1004 .-

303 1044 586 1115 eodemque
607 1045 730 1115 jure
760 1061 820 1098 ac
842 1051 1106 1116 potestate
1132 1063 1349 1116 reanum
1382 1044 1707 1101 Francorum
1753 1046 2023 1101 transtulit
2049 1050 2082 1102 ὰ
2110 1047 2217 1103 Me·
2275 1093 2277 1098 Α

302 1146 530 1215 rovinyis
558 1144 628 1198 acl
652 1143 938 1201 Germanos
959 1147 1252 1218 principes,
1278 1155 1327 1201 et
1350 1145 1643 1201 Romanum
1669 1148 1944 1218 imperium
1970 1150 2002 1201 ὰ
2029 1147 2216 1205 Graecis

303 1247 354 1298 in
388 1244 633 1300 Carolum
655 1244 919 1315 Maynum.
951 1244 1091 1300 Dans
1114 1264 1192 1300 un
1218 1251 1378 1300 autre
1403 1262 1634 1320 passage
1658 1245 1873 1316 (tabula
1897 1245 2216 1318 undecima)
2299 1230 2309 1295 ’ὲ

302 1342 353 1397 16
400 1346 580 1398 meme
622 1349 828 1396 auteur
858 1349 1082 1397 raconte
1129 1342 1273 1397 ainsi
1314 1343 1367 1398 16
1404 1348 1849 1398 eouronnement
1890 1342 1956 1398 de
2001 1341 2219 1399 Charle-

303 1457 539 1512 magne:
568 1439 631 1494 In
660 1441 829 1495 natali
862 1440 945 1494 die
975 1439 1167 1495 Christ-i
1207 1440 1505 1496 Servatoris
1528 1448 1653 1514 post
1683 1442 1940 1496 solemnia
1975 1460 2131 1496 sacra
2163 1444 2216 1496 in

304 1539 493 1610 templo
523 1541 693 1593 sancti
715 1539 878 1604 Petri,
899 1557 1090 1609 maana
1117 1558 1237 1594 voce
1264 1540 1608 1611 proclamavit
1631 1539 1754 1612 (Leo
1778 1540 1942 1613 papa)
1969 1539 2218 1596 Carolum

301 1641 666 1711 imperatorem
704 1638 1011 1709 mamistam,
1048 1657 1108 1694 ac
1153 1640 1451 1695 diademate
1488 1647 1733 1695 ornatum
1770 1642 2012 1695 immatit:
2038 1640 2214 1695 simul·
2299 1631 2305 1683 7

301 1753 398 1806 que
439 1737 604 1806 silium
646 1735 893 1807 Pipinam
940 1738 1150 1791 'inunxit
1182 1737 1347 1798 Italiae
1386 1755 1580 1809 reqem.
1623 1737 1707 1792 Ita
1751 1739 2027 1810 imperium
2075 1738 2218 1795 Occi·
2290 1729 2301 1746 ''

302 1834 494 1899 dentis,
536 1836 673 1906 quod
714 1843 837 1907 post
880 1835 1229 1907 Auyastulum
1271 1838 1334 1891 ab
1364 1834 1602 1893 Odoacro
1631 1837 1892 1894 Germano
1924 1838 2219 1911 depositum

290 1937 533 2005 jmuerat
576 1936 729 1988 sennis
762 1934 890 2001 500,
919 1926 1015 2007 per
1048 1936 1343 1991 Romanum
1372 1954 1568 2008 papam
1599 1939 1885 1992 excitatam
1912 1943 2142 2007 rursum,
2168 1945 2219 1992 et

303 2035 350 2086 in
383 2050 555 2104 reyem
582 2032 910 2088 Francorum
962 2041 1118 2106 atque
1159 2033 1539 2090 Germanorum
1587 2033 1903 2088 translatum
1937 2042 2034 2088 est.
2065 2034 2216 2106 Papa

302 2133 510 2203 quidem
546 2133 813 2188 Romanas
860 2134 1027 2188 videri
1060 2133 1225 2187 voluit
1269 2134 1495 2203 qratiam
1539 2134 1736 2204 referre
1785 2132 1972 2188 Carolo
2015 2133 2078 2187 de
2114 2132 2218 2188 Ro-

303 2250 459 2286 mana
487 2231 718 2287 Ecclesia
747 2236 942 2304 optime
970 2235 1176 2297 merim,
1209 2231 1482 2303 appellans
1507 2249 1650 2285 more
1675 2230 1910 2287 Romano
1940 2234 2219 2305 patritium

302 2337 352 2383 ct
381 2330 673 2403 Aayustum
703 2337 754 2384 et
795 2330 1060 2386 Caesarem
1084 2330 1408 2392 Romanum,-
1446 2328 1648 2384 occalto
1691 2337 1865 2385 autem
1889 2330 2089 2402 judicio
2124 2331 2220 2386 Dei

304 2429 373 2482 ad
405 2447 519 2483 eam
548 2431 833 2494 nationem,
883 2436 1095 2483 auctore
1127 2428 1297 2502 Papa,
1334 2435 1383 2483 et
1413 2428 1766 2500 applaudente
1796 2429 2219 2504 acclamari-teque

297 2527 492 2599 populo
541 2527 851 2582 Romaim...
881 2529 1157 2600 ‘imperium
1204 2526 1518 2581 translatum
1563 2533 1660 2582 est.
1708 2526 1887 2602 (Apud
1928 2527 2214 2598 Bellarm.‚

303 2624 411 2679 loco
443 2628 648 2697 citam.)

377 2723 537 2779 Ainsi
573 2724 760 2797 quand
803 2724 1085 2802 lllyricus,
1124 2724 1347 2780 Grotius
1393 2729 1446 2780 et
1491 2723 1735 2780 d'autres
1778 2729 2117 2799 protestants
2161 2742 2219 2781 se

300 2824 504 2880 mirent
530 2826 559 2878 a
591 2823 717 2880 nier
743 2843 853 2897 que
886 2823 1201 2881 l'elevation
1243 2823 1311 2880 de
1354 2823 1749 2897 Charlemagne
1779 2825 1809 2879 a
1836 2823 2091 2898 l'empire
2130 2823 2215 2880 fat
2294 2886 2296 2888 v

297 2922 529 2980 l’oeuvre
557 2923 631 2979 du
659 2942 819 2998 pape,
865 2924 932 2980 ils
979 2925 1294 2998 ajouterent
1322 2941 1434 2979 une
1457 2923 1727 2980 variation
1757 2923 1824 2981 de
1851 2924 1978 2997 plus
2003 2926 2033 2978 a
2063 2924 2219 2979 leurs

299 3022 674 3095 perpetuelle‘s
711 3022 1042 3090 variation53
1098 3024 1240 3080 mais
1277 3023 1399 3080 leur
1438 3022 1753 3098 patriarche
1794 3023 1999 3078 Luther
2038 3026 2093 3078 et
2133 3022 2215 3078 les

297 3120 570 3194 premiers
599 3122 665 3176 de
707 3123 759 3176 la
801 3131 953 3179 seete
985 3142 1054 3179 ne
1093 3127 1391 3196 songerent
1423 3140 1523 3198 pas
1550 3124 1580 3178 a
1611 3128 1811 3179 mettre
1849 3113 1920 3179 en
1959 3121 2125 3179 doute
2152 3139 2214 3178 66

300 3218 400 3275 fait
434 3219 767 3294 historique3
805 3222 845 3276 il
872 3225 1192 3297 essayerent
1219 3223 1535 3279 seulement
1568 3222 1636 3278 de
1664 3220 1783 3279 s'en
1807 3221 1943 3279 faire
1967 3241 2045 3278 un
2079 3222 2219 3295 sujet

299 3317 653 3374 d'invectives
679 3324 875 3376 contre
899 3321 952 3376 le
978 3320 1330 3393 saint-siege.

376 3417 471 3473 21⁰
499 3418 674 3474 Avant
708 3419 774 3476 de
804 3421 956 3476 clore
995 3425 1138 3478 cette
1183 3420 1326 3476 serie
1361 3420 1429 3476 de
1469 3421 1875 3496 temoignageS,
1917 3421 2014 3495 qui
2049 3419 2217 3478 serait
2268 3483 2272 3488 ,

299 3516 580 3574 immense
626 3518 675 3575 si
716 3538 787 3575 on
817 3521 1026 3576 voulait
1069 3521 1123 3576 la
1154 3521 1481 3595 completer‚
1526 3537 1670 3577 nous
1718 3527 2116 3597 rapporterons
2155 3536 2215 3575 ce

302 3617 495 3690 qu’ont
524 3620 705 3692 pense³
737 3619 813 3675 du
854 3619 958 3676 but
994 3625 1048 3676 et
1089 3618 1187 3677 des
1225 3626 1514 3695 avantages
1557 3621 1633 3678 du
1663 3621 2112 3679 retablissement
2148 3619 2216 3675 de
