2340 4062
319 295 377 341 88
992 286 1291 336 TRACTATUS
1320 286 1386 332 DE
1417 286 1567 333 ΡΑΡΑ.

320 404 620 476 eoeplorata,
637 401 978 476 probabiliter
996 397 1312 469 opinantur,·
1341 412 1437 452 eos
1460 412 1590 452 vero
1614 394 1697 452 sic
1715 399 2053 470 probabiliter
2074 403 2232 459 dum-

318 507 471 559 taxat
497 504 726 576 opinari,
766 497 990 572 quando
1015 499 1257 551 utuntur
1282 494 1368 551 his
1390 499 1445 551 et
1467 495 1748 554 similibus
1770 497 2059 558 formulis:
2088 504 2230 559 vide-

321 610 425 669 tur,
467 599 787 657 commodius
818 596 1028 661 dicitur,
1068 596 1238 666 maqis
1277 594 1523 650 credibile
1555 602 1632 651 est
1646 618 1664 661 ,-
1706 613 1807 652 seu
1848 598 2070 671 quando
2104 618 2231 674 pro-

315 702 578 757 nuntiant
623 697 888 771 pendente
936 713 996 750 ac
1044 694 1324 750 vacillante
1378 697 1574 752 animo.
1622 697 1679 752 4⁰
1716 695 1990 771 Supponit
2039 698 2232 756 adesse

317 807 513 854 certum
550 803 901 867 constansque
917 794 1195 867 judicium,
1225 793 1449 865 quando
1476 793 1690 867 aliquid
1717 795 1880 867 plane
1912 814 2006 850 suo
2032 797 2230 868 judicio

316 897 570 968 definiunt
615 896 764 966 quasi
795 911 854 948 re
889 900 1032 948 certa
1077 899 1127 947 et
1169 894 1438 966 confecta3
1472 910 1573 949 seu
1604 893 1823 966 quando
1870 911 1992 949 rem
2028 911 2234 969 propu-

317 999 488 1068 gnant
515 999 782 1067 tanquam
813 998 1044 1062 certam,
1073 992 1288 1067 absque
1318 993 1437 1048 ullo
1475 993 1768 1049 vacillantis
1807 1002 1857 1050 et
1893 995 2233 1066 probabiliter

315 1096 583 1167 opinantis
621 1096 784 1149 animi
820 1093 999 1167 signo,
1040 1096 1095 1148 5⁰
1125 1093 1379 1167 Loquens
1422 1091 1491 1148 de
1530 1093 1679 1150 notis
1722 1112 1823 1150 seu
1865 1094 2127 1150 formulis
2166 1113 2232 1150 ex

315 1193 521 1266 quibus
566 1190 818 1264 dignosci
860 1195 1043 1264 potest
1076 1198 1274 1246 certum
1311 1199 1361 1245 et
1403 1198 1648 1247 constans
1669 1193 1943 1264 judicium,
1975 1192 2112 1248 duas
2139 1211 2231 1248 ex-

314 1310 508 1367 presse
531 1291 808 1364 designat.
835 1291 1060 1364 Nempe,
1097 1292 1143 1345 si
1172 1291 1447 1346 adversam
1471 1294 1788 1347 sententiam
1821 1293 1996 1347 dicant
2032 1293 2234 1347 haereti-

315 1411 428 1448 cam
449 1400 540 1447 ant
568 1409 869 1455 erroneam;
899 1390 1032 1445 item
1063 1389 1108 1444 si
1137 1389 1325 1445 dicant
1345 1389 1401 1444 id
1425 1390 1574 1464 quod
1603 1391 1803 1447 docent
1828 1410 1939 1446 esse
1966 1392 2231 1446 catholicis

311 1493 532 1564 firmiter
568 1490 1004 1563 amplectendum.
1035 1489 1138 1545 Sed
1169 1489 1341 1544 simul
1370 1491 1632 1565 supponit
1664 1491 1852 1547 adesse
1879 1492 2069 1564 plures
2095 1490 2232 1547 alias

313 1595 472 1646 notas
503 1609 601 1646 seu
646 1589 944 1658 formulaS,
980 1606 1008 1643 e
1043 1588 1251 1661 quibus
1283 1596 1528 1644 constans
1553 1590 1810 1661 judicium
1852 1590 2229 1663 dignoscatur.

311 1691 461 1746 Hanc
493 1707 614 1745 esse
644 1688 959 1743 Melchioris
998 1687 1129 1742 Cani
1160 1686 1471 1743 doctrinam
1509 1689 1832 1762 comperiet,
1863 1689 1959 1761 qui
1990 1694 2154 1762 caput
2186 1708 2232 1742 1v

312 1796 412 1846 etv
438 1790 562 1844 libri
592 1789 701 1844 VIII
727 1793 935 1843 attente
958 1787 1154 1857 legerit
1175 1787 1465 1860 ;<quamvis
1501 1787 1606 1842 sub
1630 1787 1736 1843 alia
1759 1787 1937 1842 forma
1961 1793 2014 1843 et
2038 1787 2233 1844 ordine

311 1889 599 1955 traditam,
623 1892 757 1942 etex
784 1886 1002 1942 collatis
1034 1884 1271 1940 invicem
1308 1885 1474 1940 variis
1510 1885 1650 1940 locis
1678 1885 2068 1958 colligendam.
2091 1886 2233 1941 Non-

312 1987 502 2042 nullos
529 1990 717 2041 textus
743 1983 1136 2056 subjiciamus,
1163 1983 1464 2057 Postquam
1499 1983 1781 2039 adnotavit
1807 1984 2136 2040 sententiam
2165 1985 2233 2041 de

312 2086 568 2141 instituto
597 2090 724 2139 ante
760 2088 999 2138 mortem
1022 2081 1225 2137 Christi
1253 2082 1606 2156 baptismate,
1636 2083 1727 2138 cui
1755 2083 2098 2138 adhaeserant
2126 2083 2232 2137 Ma-

311 2185 484 2258 gister
514 2183 932 2239 Sententiarum
976 2186 1029 2237 et
1065 2186 1291 2236 sanctus
1327 2182 1589 2253 Thomas,
1618 2199 1648 2235 a
1684 2186 1795 2236 tota
1834 2187 1960 2255 post
1998 2181 2230 2236 modum

312 2284 503 2341 schola
542 2282 891 2339 unanimiter
920 2284 1196 2352 receptam
1231 2279 1429 2350 fuisse,
1464 2279 1772 2353 subjungit,
1800 2298 1911 2357 non
1950 2281 2076 2336 ideo
2105 2299 2232 2336 con-

311 2384 547 2438 trariam
581 2381 903 2456 opinionem
931 2378 1121 2434 statim
1148 2378 1336 2451 aliqua
1370 2395 1623 2434 censurae
1654 2383 1782 2434 nota
1810 2397 1931 2434 esse
1962 2380 2231 2452 perstrin-

312 2482 580 2557 gendam3
627 2480 725 2537 sed
760 2484 922 2535 antea
951 2476 1382 2552 expendendum
1421 2496 1567 2548 esse,
1595 2498 1721 2534 num
1748 2480 1968 2553 theoloqi
1998 2482 2089 2534 hoc
2117 2481 2229 2536 Ioco

313 2582 462 2653 qnasi
491 2599 549 2634 re
577 2587 720 2634 certa
760 2586 810 2632 et
838 2579 1072 2650 confecta
1107 2577 1390 2649 quidquam
1411 2577 1574 2652 plane
1605 2597 1699 2633 suo
1723 2579 1920 2650 judicio
1953 2580 2224 2651 definiant,

313 2697 382 2733 an
418 2679 597 2750 potius
633 2695 690 2731 re
720 2677 955 2731 nondum
1002 2677 1132 2729 satis
1160 2675 1229 2730 ad
1270 2675 1522 2747 liquidnm
1559 2676 1855 2748 eoeplorata‚
1896 2678 2230 2749 probabiliter

314 2781 616 2850 opinentur.
647 2777 840 2832 Postea
875 2776 1082 2831 dictam
1122 2793 1480 2832 communem
1512 2777 1869 2849 sententiam,
1895 2783 1958 2833 ut
1982 2778 2233 2852 probabi-

310 2875 510 2932 liorem
533 2876 821 2931 dumtaxat
845 2892 874 2929 a
900 2874 1173 2948 theologis
1193 2874 1458 2930 tra'ditam
1482 2874 1654 2932 fuisse
1675 2876 1803 2932 inde
1828 2877 2061 2949 colligit,
2081 2877 2230 2950 quod

311 2976 564 3047 Magister
614 2973 1022 3030 sententiarum
1076 2990 1215 3028 usus
1263 2972 1335 3028 sit
1376 2972 1620 3029 formula
1659 2976 1973 3030 commodius
2016 2976 2223 3042 dicitur,

313 3077 539 3129 sanctus
581 3073 817 3128 Thomas
860 3072 1103 3127 formula
1151 3072 1374 3138 videtur,
1421 3076 1476 3128 et
1520 3077 1748 3128 sanctus
1794 3072 2141 3145 Augustinus
2179 3074 2227 3138 (a

313 3172 527 3228 caeteris
554 3172 784 3245 allegari
815 3171 1032 3244 solitus)
1062 3171 1308 3226 formula
1335 3172 1506 3242 maqis
1537 3171 1778 3226 credibile
1802 3179 1900 3226 est.
1930 3171 2104 3243 Igitur
2121 3172 2227 3227 hoc

312 3270 434 3344 ipso
472 3270 619 3343 quod
661 3269 863 3324 scholae
911 3268 1167 3324 doctores
1205 3285 1323 3324 rem
1366 3267 1532 3341 plane
1572 3274 1839 3340 tanquam
1879 3271 2091 3323 certam
2132 3268 2227 3322 do-

312 3376 494 3441 ceant,
523 3387 622 3425 seu
658 3369 761 3424 hoc
787 3368 907 3441 ipso
936 3367 1084 3442 quod
1114 3385 1228 3423 non
1256 3371 1491 3422 utantur
1527 3366 1689 3422 dictis
1723 3373 1777 3423 et
1804 3367 2088 3423 similibus
2115 3368 2226 3423 for-

314 3468 482 3525 mulis
512 3486 633 3542 quae
669 3467 990 3542 exprimunt
1031 3485 1150 3524 rem
1185 3485 1298 3523 non
1334 3466 1480 3524 tradi
1517 3466 1628 3523 nisi
1664 3473 1728 3523 ut
1750 3465 2223 3540 probabiliorem,

314 3565 596 3622 existimat
629 3564 892 3620 Melchior
929 3565 1111 3622 Canus
1140 3566 1333 3623 adesse
1368 3572 1564 3621 certum
1591 3571 1642 3619 et
1667 3572 1913 3635 constans
1938 3563 2122 3619 scholae
2138 3563 2226 3634 ju-

314 3666 526 3722 dicium.
557 3663 733 3729 Quam
764 3682 928 3721 suam
956 3672 1202 3723 mentem
1228 3665 1435 3723 iterum
1464 3664 1727 3741 patefacit
1749 3662 2135 3740 respondendo
2158 3661 2227 3716 ad
