2352 4126
925 409 1054 456 PARS
1084 409 1304 464 QUARTA.
2008 408 2060 455 11

183 523 290 580 mis
313 528 413 580 est.
442 521 681 593 Uterque
706 535 836 591 ergo
865 516 1135 583 Ecclesiae,
1166 525 1219 573 et
1247 513 1553 590 spiritualis
1587 512 1796 570 scilicet
1825 513 2064 586 gladiuS‚

178 627 235 678 et
280 617 605 687 materialis·;
633 615 724 672 sed
747 614 795 670 is
820 612 1041 686 quidem
1070 631 1168 687 pro
1180 611 1548 679 Ecclesia‚ille
1564 629 1696 668 vero
1714 618 1768 667 et
1792 610 1861 667 ab
1885 610 2068 666 Eccle-

186 717 264 774 sia
290 714 591 772 exerendus
614 718 713 767 est.
741 710 838 766 Ille
861 709 1177 775 sacerdotiS‚
1209 710 1257 766 is
1288 709 1484 765 militis
1508 726 1700 775 manu,
1731 707 1826 764 sed
1844 725 1976 764 sane
2002 708 2070 764 ad

192 818 388 868 nutum
412 805 708 867 sacerdotis
736 810 790 861 et
799 806 1019 879 jussum
1038 803 1411 877 imperatoris.
1441 805 1505 861 Et
1528 805 1596 860 de
1613 805 1714 860 hoc
1736 803 1891 860 alias.
1915 803 2072 859 Nunc

191 926 321 967 vero
342 907 523 980 arripe
543 904 703 959 illum
729 902 827 976 qui
849 901 950 957 tihi
969 901 1037 957 ad
1060 901 1372 958 feriendum
1391 902 1633 959 creditus
1651 908 1753 971 est,
1775 909 1827 958 et
1842 901 2071 957 vulnera

187 1007 256 1062 ad
290 1005 548 1069 salutem,
578 1001 625 1058 si
650 1018 765 1057 non
787 1018 1002 1070 omneS,
1035 999 1083 1055 si
1109 1017 1219 1055 non
1242 999 1330 1055 vel
1358 1000 1590 1064 multo&
1618 1006 1763 1056 certe
1789 1018 1926 1074 quos
1951 1019 2074 1074 pos-

192 1103 289 1159 sis,
324 1124 351 1156 »
382 1101 484 1174 (De
513 1100 952 1168 consideratione,
985 1098 1130 1153 libro
1165 1098 1247 1163 IV,
1279 1115 1398 1172 cap.
1426 1117 1497 1164 111,
1525 1097 1695 1153 editio
1719 1098 1893 1170 regia,
1925 1097 2075 1154 Pari-

189 1199 288 1255 siis
311 1197 477 1262 1642,
506 1202 547 1251 t.
576 1196 663 1261 Ill,
692 1214 748 1270 p.
781 1195 895 1268 70.)

266 1297 337 1352 De
363 1295 555 1352 eodem
572 1295 813 1350 duorum
847 1293 1156 1366 gladiorum
1182 1294 1444 1366 allegoria
1476 1293 1584 1348 alio
1612 1293 1732 1348 loco
1772 1292 1853 1347 sic
1881 1293 2076 1347 memi-

190 1395 270 1449 nit
296 1394 350 1449 S.
379 1392 686 1449 Bernardus
717 1415 727 1446 :
766 1414 792 1444 «
814 1392 929 1448 Non
946 1398 1047 1458 est,
1077 1391 1197 1448 dico
1219 1391 1398 1457 vobiS‚
1421 1391 1480 1445 in
1504 1408 1669 1446 causa
1690 1397 1804 1446 tam
1834 1389 2078 1462 generali

190 1497 375 1548 ettam
402 1491 580 1564 gravi¹
612 1490 794 1564 tepide
832 1489 1131 1563 agendum,
1168 1490 1262 1545 sed
1293 1507 1364 1545 ne
1388 1488 1583 1544 timide
1616 1488 1913 1562 quidem...
1946 1487 2078 1543 Exe—

195 1589 397 1644 rendus
422 1594 503 1644 est
529 1606 678 1644 nunc
707 1595 938 1660 uterque
964 1587 1180 1660 gladius
1216 1587 1273 1642 in
1312 1587 1568 1661 passione
1588 1586 1827 1658 Domini,
1866 1585 2080 1641 Christo

193 1687 452 1760 patiente,
488 1686 584 1743 uhi
613 1693 664 1743 et
698 1687 869 1742 altera
900 1686 1015 1742 vice
1041 1704 1236 1761 passus
1265 1690 1396 1743 est2.
1422 1687 1524 1742 Per
1549 1704 1714 1759 quem
1750 1691 1934 1741 autem
1973 1683 2082 1738 nisi

195 1800 292 1856 per
319 1785 445 1839 vos‘?
483 1783 626 1839 Petri
664 1790 898 1856 uterque
935 1788 1019 1838 est
1052 1805 1063 1836 :
1093 1784 1232 1839 alter
1271 1801 1371 1839 suo
1397 1790 1560 1852 nutu,
1599 1783 1741 1838 alter
1778 1800 1876 1838 sua
1913 1800 2084 1836 manu

202 1881 452 1954 quotiens
478 1897 703 1935 necesse
730 1888 811 1935 est
836 1881 1228 1952 evaginandus.
1275 1881 1339 1937 Et
1374 1883 1598 1955 quidem
1646 1882 1710 1936 de
1756 1901 1863 1955 quo
1901 1881 2086 1937 minus

205 1977 510 2042 videbatur,
544 1977 609 2031 de
639 1978 754 2049 ipso
798 1977 865 2031 ad
903 1977 1126 2032 Petrum
1159 1978 1365 2034 dictum
1395 1987 1479 2035 est
1509 2002 1520 2033 :
1558 1980 1817 2035 Converte
1841 1979 2085 2053 gladium

204 2083 363 2131 tuum
398 2075 455 2129 in
496 2075 767 2146 vaginam.
809 2062 949 2148 Ergo
983 2094 1117 2131 suus
1153 2083 1270 2132 erat
1294 2083 1348 2132 et
1381 2077 1495 2147 illc,
1530 2078 1623 2132 sed
1648 2096 1758 2132 non
1787 2096 1885 2132 sua
1918 2095 2086 2131 manu

204 2171 397 2245 utique
423 2171 763 2227 educendus.
796 2172 1032 2245 Tempus
1053 2178 1108 2227 et
1132 2191 1269 2245 opus
1292 2191 1410 2228 esse
1432 2173 1685 2230 existimo
1712 2174 1903 2228 ambos
1927 2172 2087 2228 educi

201 2270 260 2325 in
278 2269 651 2325 defensionem
670 2269 953 2325 orientalis
967 2270 1242 2326 Ecclesiae.
1262 2271 1428 2345 Cujus
1451 2273 1635 2327 locum
1653 2273 1878 2338 tenetiS‚
1906 2272 2086 2327 zelum

204 2366 482 2440 negligere
505 2385 617 2422 non
643 2366 874 2422 debetis
915 2367 1083 2431 Quale
1121 2373 1204 2423 est
1244 2370 1367 2436 hoc,
1406 2369 1776 2443 principatum
1809 2377 1998 2425 tenere
2036 2375 2089 2424 et

204 2465 575 2522 ministerium
613 2466 927 2522 declinare?
963 2489 990 2520 »
1033 2466 1226 2540 (Epist.
1269 2467 1464 2537 CCLVI,
1500 2468 1632 2525 edit.
1687 2469 1856 2542 regia,
1909 2475 1947 2524 ί.
2001 2468 2084 2535 IV,

178 2581 320 2638 pag.
355 2564 507 2638 581.)

277 2659 353 2714 Ex
376 2659 446 2715 iis
471 2661 713 2717 textibus
743 2663 858 2716 haec
875 2665 1022 2716 certa
1048 2666 1202 2715 sunt:
1229 2662 1283 2717 1⁰
1306 2662 1408 2717 sub
1436 2662 1694 2736 allegoria
1718 2664 1958 2719 duorum
1979 2667 2089 2738 gla-

214 2750 455 2828 dioru'm,
486 2759 790 2832 spiritualis
827 2759 1031 2814 scilicet
1060 2765 1110 2814 et
1140 2760 1463 2831 materialis,
1489 2760 1737 2835 loquitur
1767 2763 1819 2818 S.
1862 2763 2092 2819 Bernar-

211 2857 315 2910 dus
337 2855 402 2911 de
429 2855 634 2929 duplici
652 2856 880 2913 Romani
896 2856 1170 2913 Pontificis
1186 2862 1473 2931 potestate,
1503 2858 1558 2913 id
1578 2865 1680 2924 est,
1709 2859 1766 2914 in
1789 2860 2093 2934 spiritualia

219 2950 350 3006 etin
378 2952 700 3026 temporalia
722 2978 732 3020 ;
763 2954 819 3009 2⁰
839 2953 1020 3027 ipsum
1046 2953 1214 3008 eliam
1233 2954 1473 3025 gladium
1502 2955 1829 3011 materialem
1850 2957 2094 3012 Romano

209 3050 450 3106 Pontifici
465 3052 740 3119 adcenset,
767 3050 1116 3124 apertissime
1140 3052 1195 3106 id
1210 3052 1504 3124 quinquies
1527 3053 1847 3109 asserendo,
1871 3055 2092 3118 «Quem

208 3154 414 3219 tamen,
436 3148 635 3221 inquit,
666 3148 758 3222 qui
786 3155 931 3204 tuum
948 3154 1106 3221 negat
1127 3166 1239 3205 non
1266 3150 1397 3206 satis
1416 3151 1551 3205 mihi
1566 3151 1783 3207 videtur
1808 3154 2092 3210 attendere

218 3243 455 3300 Verbum
469 3246 701 3301 Domini.
723 3278 791 3287 —
816 3248 950 3302 Tuus
978 3265 1105 3320 ergo
1129 3254 1182 3302 et
1207 3248 1324 3321 ipse
1342 3280 1407 3287 —
1430 3248 1651 3322 Uterque
1671 3268 1800 3322 ergo
1813 3251 2084 3316 Ecclesiam

212 3341 507 3413 spiritualis
536 3345 742 3400 scilicet
766 3345 981 3417 gladius
1010 3350 1063 3401 et
1087 3347 1622 3403 materialis—Petri
1655 3360 1869 3421 uterque
1914 3357 2087 3404 est—

214 3434 347 3508 Ergo
374 3457 494 3495 suus
519 3446 636 3496 erat
657 3446 709 3497 et
729 3442 844 3498 ille.
878 3463 905 3495 »
930 3442 986 3497 5⁰
1009 3443 1194 3507 Quoad
1213 3443 1440 3499 modum
1458 3445 1653 3500 utendi
1680 3445 1946 3501 materiali
1972 3444 2084 3515 gla-

212 3530 321 3597 dio,
357 3533 483 3590 dicit
521 3554 650 3592 eum
692 3556 804 3594 non
837 3557 1007 3594 manu
1040 3539 1335 3607 PontificiS‚
1371 3541 1464 3597 sed
1495 3542 1563 3597 ad
1606 3545 1716 3615 ejus
1755 3550 1935 3597 nulum
1963 3557 2083 3595 esse

264 3675 277 3700 ¹
307 3674 460 3726 Nempe
479 3676 525 3716 in
544 3680 708 3730 negotio
727 3682 1001 3734 expeditionis
1024 3683 1343 3724 cruciferorum.

263 3739 281 3764 ²
307 3741 463 3783 Alludit
479 3742 531 3783 ad
548 3745 706 3787 cladem
725 3754 970 3800 expugnatae
995 3750 1044 3791 ab
1067 3749 1305 3791 infidelibus
1330 3750 1446 3791 urbis
1466 3749 1637 3791 Edessae.
