2340 3990
883 288 1010 335 PARS
1046 286 1266 334 OCTAVA.
1933 281 2018 330 595

71 444 87 458 ,
127 402 396 475 ··praestant
437 413 499 454 ac
538 395 808 471 Episcopi.
850 394 991 452 Sane
1025 393 1135 450 nisi
1171 392 1334 449 Sedes
1360 390 1691 465 Apostolica,
1736 389 1885 445 inter
1926 406 2019 445 eos

118 493 237 568 ·qui
267 492 447 550 vocari
485 492 554 547 ad
593 490 889 548 concilium
916 490 1139 560 debent,
1177 488 1403 544 abbates
1445 487 1611 544 etiam
1648 490 2014 559 computaret,

141 588 351 646 dictum
376 588 769 661 jusjurandum
809 587 879 643 ab
905 585 1037 661 ipsis
1061 604 1175 643 non
1203 587 1467 660 exigeret.

215 690 545 743 Aneuuenruu
568 686 628 742 V.
651 719 718 729 -
740 686 816 741 Ex
854 685 1124 740 ritualibus
1146 685 1383 741 Ecclesiae
1404 683 1655 740 Romanae
1682 682 1846 738 libris.
1867 712 1938 750 ÷
1957 680 2017 735 In

140 782 221 839 eis
262 783 434 854 enim,
465 787 602 840 teste
639 800 806 856 supra
845 783 1008 838 citato
1043 782 1394 847 Pallavicino‚
1418 783 1892 862 connumerantur
1928 777 2020 833 ab·

101 860 107 864 ¹
142 879 291 937 bates
312 881 455 936 inter
485 898 578 937 eos
600 881 695 954 qui
722 880 815 952 jus
852 879 1075 936 decisivi
1108 878 1363 952 suffragii
1405 876 1675 942 obtinent;
1717 882 1769 932 et
1800 875 2020 931 additur

138 993 256 1033 eam
282 978 539 1033 abbatum
562 978 997 1052 praerogativam,
1021 977 1217 1032 merito
1239 981 1426 1049 postea
1446 981 1731 1031 extensam
1755 972 1930 1029 fuisse
1950 972 2018 1026 ad

137 1076 420 1147 generales
452 1075 711 1132 ordinum
742 1076 1075 1149 superiores.

215 1172 427 1244 Objicies
459 1172 532 1227 1⁰.
560 1205 630 1213 —
653 1172 894 1243 Allegata
926 1172 1256 1225 documenta
1293 1168 1582 1224 commode
1620 1167 1855 1238 intelligi
1897 1184 2019 1240 pos-

139 1276 265 1326 sunt
286 1270 352 1325 de
377 1269 507 1325 solis
529 1268 822 1324 abbatibus
859 1267 953 1340 qui
983 1265 1429 1339 jurisdictionem
1466 1263 1620 1337 quasi
1649 1263 2017 1338 episcopalem

137 1366 387 1421 obtinent
410 1366 463 1420 in
495 1365 736 1438 aliquem
772 1365 1058 1437 populum.
1092 1363 1242 1417 Unde
1275 1363 1367 1419 isti
1408 1362 1510 1418 soli
1542 1362 1772 1418 vocandi
1811 1367 1940 1417 sunt
1965 1367 2014 1417 et

140 1481 268 1518 cum
293 1462 559 1533 suffragio
585 1461 816 1517 decisivo
842 1461 1189 1517 admittendi.

213 1558 513 1631 Responcleo
539 1580 554 1610 .·
591 1559 802 1613 Absona
837 1575 1059 1631 prorsus
1097 1556 1366 1629 ejusmodi
1411 1555 1811 1630 interpretatio.
1841 1555 2016 1611 Abba.-

138 1660 217 1710 tes
254 1654 402 1709 enim
445 1654 583 1709 tales
622 1672 730 1710 non
771 1661 902 1711 sunt
932 1673 1029 1730 per
1064 1654 1429 1728 episcopalem
1462 1654 1519 1709 in
1552 1653 1796 1727 aliquem
1844 1671 2016 1728 popu-

135 1750 253 1805 lum
293 1750 757 1822 jurisdictionem,
805 1751 898 1806 sed
940 1750 1287 1806 solummodo
1337 1766 1437 1824 per
1473 1748 1919 1823 jurisdictionem
1962 1750 2016 1804 in

133 1848 408 1921 subjectos
452 1849 554 1904 sibi
589 1849 903 1905 monachos.
947 1849 1000 1904 Si
1040 1849 1303 1904 haberent
1348 1847 1633 1903 dumtaxat
1671 1846 2014 1920 jurisdictio·

135 1962 261 2001 nem
286 1946 342 2000 in
372 1946 658 2020 populum,
694 1951 877 2002 essent
902 1945 1125 2019 quidem
1156 1946 1388 2018 praelati,
1424 1946 1630 2000 abbates
1666 1944 2012 2000 nullomodo,

134 2043 286 2107 Quod
306 2043 415 2100 sint
440 2046 648 2100 abbates
674 2050 853 2100 totum
876 2043 1012 2118 ipsis
1039 2045 1184 2100 venit
1205 2062 1234 2099 e
1257 2044 1521 2117 subjectis
1545 2043 1746 2117 quibus
1772 2048 2017 2116 praesunt

133 2142 435 2199 monachis,
463 2143 910 2199 Jurisdictionem
938 2150 1122 2200 autem
1147 2144 1202 2198 in
1230 2144 1527 2219 populum,
1557 2160 1653 2198 nec
1681 2141 2015 2215 acquirendo

135 2239 305 2310 magis
344 2239 482 2294 fiunt
521 2239 762 2306 abbates,
792 2257 891 2295 nec
917 2241 1215 2297 amittendo
1242 2241 1450 2296 minus,
1495 2241 1667 2314 Igitur
1701 2239 1796 2295 ubi
1831 2239 2015 2295 docto-

132 2353 240 2407 res,
270 2337 363 2391 ubi
406 2336 728 2394 indictiones
759 2338 1145 2409 conciliorum,
1174 2337 1270 2394 ubi
1308 2338 1436 2393 libri
1464 2338 1693 2394 rituales
1724 2355 1786 2392 ac
1820 2342 2012 2392 caetera

131 2431 460 2488 documenta
478 2433 544 2489 de
568 2436 835 2490 abbatibus
858 2435 1186 2509 simpliciter
1203 2439 1256 2491 et
1275 2435 1393 2491 sine
1410 2435 1595 2491 addito
1617 2444 1803 2508 agunt,
1826 2434 2014 2505 eisque

132 2528 187 2584 in
216 2530 447 2586 concilio
479 2532 571 2603 jus
600 2531 823 2588 decisivi
857 2533 1113 2605 suffragii
1138 2551 1203 2589 ex
1229 2532 1514 2606 privilegio
1548 2550 1610 2588 ac
1636 2530 2011 2587 vetustissima

130 2628 522 2684 consuetudine
546 2629 823 2699 tribuunt,
852 2629 906 2684 id
928 2630 1346 2703 intelligendum
1375 2637 1453 2685 est
1476 2629 1540 2685 de
1562 2629 1820 2684 omnibus
1846 2629 2013 2684 abba-

134 2723 279 2777 tibus
303 2725 397 2794 qui
434 2726 745 2781 essentialia
774 2745 871 2782 seu
906 2727 1173 2800 requisita
1206 2730 1272 2783 ad
1309 2728 1754 2784 constituendam
1781 2726 2012 2798 dignita-

132 2826 239 2875 tem
275 2821 606 2877 abbatialem
646 2819 867 2887 habent;
910 2842 972 2879 ac
1001 2825 1232 2896 proinde
1274 2825 1692 2906 intelligendum
1733 2828 1815 2878 est
1845 2824 2009 2878 etiam

131 2918 196 2973 de
217 2918 508 2974 abbatibus
535 2919 591 2974 in
619 2920 761 2974 solos
798 2921 1095 2976 monachos
1120 2921 1566 2993 jurisdictionem
1604 2921 2007 2979 obtinentibus,

31 3065 35 3069 .
130 3014 193 3069 Et
221 3033 351 3071 sane
382 3016 426 3070 si
457 3015 829 3071 vocandarum
873 3017 1131 3072 abbatum
1174 3018 1312 3073 ratio
1345 3018 1538 3074 fuisset
1579 3035 1773 3073 eorum
1810 3018 1865 3072 in
1910 3019 2010 3073 ali-

130 3129 292 3183 quam
326 3113 542 3185 plebem
564 3113 898 3186 jurisdictio,
940 3113 993 3168 id
1032 3114 1089 3168 in
1126 3114 1296 3170 bullis
1339 3114 1656 3171 indictionis
1686 3133 2008 3189 expressum

129 3217 458 3265 occurreret.
501 3210 787 3283 Legeretur
820 3229 1014 3285 nempe
1045 3233 1055 3265 :
1098 3213 1165 3268 Et
1196 3213 1407 3268 dilectos
1443 3214 1578 3286 filios
1619 3214 1826 3268 abbates
1850 3215 2010 3284 juris-

130 3302 398 3359 dictionem
438 3307 491 3359 in
534 3307 778 3378 populum
814 3309 1116 3364 obtinentes.
1154 3311 1327 3382 Atque
1362 3309 1506 3364 idem
1549 3308 1848 3363 canonistae
1886 3308 2009 3362 dili-

130 3406 317 3471 genter
343 3401 717 3459 adnotassent.
745 3405 978 3460 —Idem
1007 3408 1343 3479 caeteroquin
1366 3408 1505 3462 facto
1536 3405 1652 3459 solo
1686 3404 2007 3477 plenissime

131 3504 360 3553 constat.
395 3492 729 3572 inquiratur,
758 3507 877 3556 tum
909 3501 974 3557 de
1004 3502 1115 3558 illis
1137 3502 1555 3577 quatuordecim
1582 3501 1875 3557 abbatibus
1912 3502 2005 3574 qui

133 3594 360 3650 coneilio
387 3595 706 3652 Tridentino
747 3595 1067 3667 interfuere,
1109 3605 1226 3655 tum
1257 3600 1323 3655 de
1363 3598 1486 3652 aliis
1525 3597 1834 3654 successive
1866 3599 2004 3654 anti-
