2340 3990
322 284 414 333 422
985 285 1290 333 TRACTATUS
1321 285 1388 333 DE
1419 286 1570 334 PAPA.

321 382 551 466 Papam,
579 392 649 448 ad
672 390 1019 448 credendum
1045 392 1177 450 huic
1202 393 1461 469 articulo.
1483 394 1810 470 —Insuper
1835 405 2099 470 negarent
2122 419 2252 460 cau-

328 507 418 546 sas
456 489 607 554 fidei,
656 491 851 563 utpote
888 489 1156 562 maj0res,
1195 507 1318 547 esse
1347 489 1596 546 Romano
1634 491 1886 548 Pontifici
1921 501 2249 556 reservatas,
2282 515 2303 527 ··

326 587 458 652 Quae
485 592 676 642 tamen
702 587 1005 644 reservatio
1041 594 1191 644 certa
1219 594 1327 660 est,
1366 583 1732 648 non'tantum
1761 609 1822 650 ex
1861 600 2130 670 perpetua
2162 598 2257 655 Ec-

325 684 511 743 clesiae
544 685 724 760 praxi,
769 703 867 743 seu
887 686 1020 761 jure
1048 688 1448 773 ecclesiastice,
1482 691 1578 747 sed
1617 689 1668 746 vi
1695 691 1971 766 primatus
1992 693 2283 767 jurisdic-·

325 782 579 850 tionaliS,
615 803 713 842 seu
751 785 884 860 jure
921 786 1132 843 divinO.
1158 821 1230 828 ——
1259 776 1782 863 Insuper'Christus
1814 809 1926 848 non
1969 793 2259 852 constituit

328 901 503 940 unam
544 885 938 943 auctoritatem
977 888 1046 944 ad
1093 886 1400 945 docendam
1444 894 1499 946 et
1543 890 1932 966 imperandam
1974 885 2165 964 fidem,
2207 901 2260 952 et

329 984 567 1041 alteram
613 1005 712 1062 pro
760 988 978 1063 reliquo
1021 990 1282 1047 Ecclesiae
1324 991 1641 1067 regimine,
1680 993 1775 1050 sed
1826 993 1925 1049 uni
1967 994 2262 1071 eidemque

331 1085 653 1141 auctoritati
684 1088 926 1145 contulit
955 1089 1180 1164 plenam
1220 1090 1557 1147 universalis
1592 1091 1853 1148 Ecclesiae
1890 1093 2167 1165 pascendae
2202 1111 2264 1151 ac

332 1172 685 1258 9i1bernandae
715 1194 1069 1261 potestatem.
1109 1189 1284 1263 Igitur
1313 1190 1442 1246 dicti
1475 1190 1755 1265 Episcopi,
1790 1191 1898 1248 sibi
1934 1194 2261 1269 usurpando

327 1285 423 1358 jus
468 1285 796 1342 definiendae
834 1287 964 1344 fidei
1004 1288 1128 1343 sine
1157 1289 1331 1362 Papa,
1366 1290 1472 1344 hoc
1516 1289 1636 1363 ipso
1671 1291 1844 1347 totius
1872 1292 2079 1366 reliqui
2122 1293 2266 1367 regi·

337 1383 510 1439 minis
553 1385 777 1457 plenam
815 1390 1149 1459 potestatem
1197 1386 1306 1442 sibi
1342 1386 1630 1443 vindicare
1663 1389 1926 1444 censendi
1963 1396 2171 1447 essent.
2211 1393 2267 1448 Id

338 1486 444 1552 est,
488 1482 888 1555 aequivalenter
926 1501 1027 1539 suo
1067 1484 1269 1558 agendi
1316 1484 1482 1540 modo
1524 1484 1897 1556 declararent,
1943 1504 2057 1542 non
2102 1505 2271 1561 penes

338 1580 567 1656 Papam,
597 1582 692 1637 sed
720 1601 892 1657 penes
921 1602 979 1640 se
1004 1589 1283 1658 quatenus
1316 1602 1346 1639 a
1374 1584 1515 1657 Papa
1544 1582 1847 1658 seju'nctOS,
1879 1585 2126 1642 residere
2152 1586 2269 1661 pri-

344 1684 563 1735 matum
587 1680 1025 1753 jurisdictioniS,
1064 1699 1508 1756 supremamque
1541 1701 1605 1739 ac
1634 1682 1860 1757 plenam
1894 1683 2068 1739 totius
2091 1684 2276 1740 Eccle-

346 1777 444 1834 siae
495 1778 759 1835 docendae
802 1798 866 1836 ac
915 1782 1173 1855 regendae
1216 1786 1566 1855 potestatem.
1606 1815 1678 1822 —
1708 1783 1944 1857 Insuper
1983 1801 2276 1840 erroneam

346 1879 502 1935 illam
534 1885 586 1937 et
612 1881 934 1938 haereticam
963 1882 1278 1939 doctrinam
1308 1882 1470 1938 sactis
1498 1882 1615 1938 suis
1649 1882 1984 1957 profitend0‚
2013 1884 2279 1956 legitimae

348 1975 586 2032 Romani
621 1978 907 2036 Pontificis
933 1965 1257 2037 auctoritati
1283 1981 1633 2050 resisterent,
1666 1982 1735 2037 ab
1766 1981 1941 2056 ipsius
1967 1982 2281 2039 obedientia

352 2093 473 2132 sese
521 2078 924 2154 subducerent,
969 2086 1021 2138 et
1060 2082 1140 2138 sic
1179 2082 1539 2139 schismatice
1577 2089 1824 2154 agerent.
1857 2116 1933 2122 —
1957 2081 2131 2156 Igitur
2176 2081 2284 2139 sibi

347 2176 442 2250 jus
473 2179 773 2236 tribuendo
808 2181 1020 2255 absque
1046 2182 1188 2256 Papa
1223 2182 1506 2239 definitive
1529 2182 1866 2239 decernendi
1895 2183 1962 2238 de
1988 2181 2117 2251 fide,
2146 2182 2288 2238 mul·

351 2274 623 2350 tipliciter
648 2278 705 2334 in
734 2280 981 2336 schisma
1018 2287 1071 2338 et
1098 2282 1361 2337 haeresim
1391 2282 1673 2338 caderent.
1701 2280 1827 2347 Sed,
1857 2298 1923 2336 ex
1951 2277 2287 2354 praecedenti

355 2378 743 2451 conclusione,
791 2381 1119 2455 contingere
1156 2382 1353 2456 nequit
1392 2387 1455 2437 ut
1480 2399 1672 2437 omnes
1703 2379 1789 2436 vel
1831 2380 1948 2436 fere
1976 2396 2171 2435 omnes
2197 2395 2288 2451 ge-

356 2478 567 2535 neralis
603 2480 802 2555 synodi
840 2482 1026 2538 Patres
1069 2482 1127 2537 in
1169 2482 1417 2538 schisma
1453 2487 1548 2537 aut
1591 2479 1852 2537 haeresim
1893 2480 2107 2535 cadant.
2146 2478 2287 2552 Ergo
2335 2527 2337 2531 Α

357 2590 540 2648 neque
578 2577 903 2650 contingere
930 2583 1113 2652 potest
1138 2585 1199 2634 ut
1222 2579 1328 2635 sibi
1361 2579 1456 2653 jus
1484 2578 1763 2647 tribuant,
1791 2577 2001 2650 absque
2029 2577 2171 2649 Papa
2198 2574 2290 2630 de-

357 2671 573 2730 finitive
605 2693 667 2731 ac
709 2677 962 2733 absolute
999 2678 1337 2734 decernendi
1382 2678 1449 2733 de
1486 2679 1596 2733 fide
1637 2682 1732 2732 aut
1774 2675 2030 2731 moribus
2075 2673 2294 2747 (confer

359 2772 534 2845 partis
564 2773 655 2843 III,
693 2775 956 2831 sectionis
989 2794 1059 2842 111,
1091 2775 1292 2850 capitis
1318 2795 1354 2844 1,
1386 2774 1832 2849 propositionem
1855 2773 1964 2846 Vl).

440 2872 497 2928 5⁰
531 2873 847 2947 Continqere
885 2878 1067 2949 nequit
1114 2883 1171 2931 ut
1212 2877 1447 2948 definitio
1497 2877 1731 2930 omnium
1775 2880 1868 2929 aut
1909 2875 2022 2946 fere
2062 2872 2296 2928 omnium·

363 2971 588 3028 Parrum
631 2975 837 3030 concilii
878 2977 947 3031 sit
986 2975 1226 3031 absoluta
1264 2993 1359 3030 seu
1398 2976 1618 3048 proprie
1667 2974 1809 3029 dicta
1845 2973 2103 3044 definitiO,
2150 2975 2294 3025 ante·
2327 3044 2329 3046 Ι

366 3088 523 3143 quam
562 3091 594 3127 a
623 3073 862 3130 Romano
890 3075 1148 3147 Pontifice
1187 3075 1529 3147 approbetur.
1567 3106 1644 3114 -—
1672 3073 1834 3142 Nam,
1865 3088 1932 3128 ex
1965 3065 2296 3144 praecedenti

368 3170 755 3241 conclusione,
784 3173 1113 3247 contingere
1139 3172 1338 3246 nequit
1377 3176 1441 3228 ut
1467 3189 1663 3228 omnes
1698 3171 1785 3226 vel
1818 3170 1934 3225 fere
1963 3186 2160 3224 omnes
2198 3166 2293 3222 Pa-

366 3276 482 3327 tres
521 3272 614 3345 jus
645 3271 755 3329 sibi
788 3272 1042 3328 tribuant
1075 3273 1289 3347 absque
1325 3272 1468 3346 Papa
1505 3269 1791 3327 definitive
1827 3287 1890 3325 ac
1917 3268 2171 3325 absolute
2209 3265 2298 3320 de*-

370 3369 640 3427 cernendi
671 3371 740 3427 de
771 3370 881 3427 fide
902 3375 1001 3427 aut
1028 3371 1306 3426 moribus,
1337 3369 1479 3442 Ergo
1515 3367 1561 3424 si
1598 3368 1889 3424 decretum
1917 3365 2145 3440 aliquod
2171 3363 2298 3435 dog-

372 3470 647 3527 maticum
673 3469 975 3540 ediderint,
1005 3468 1240 3525 omnino
1272 3470 1490 3524 certum
1523 3471 1607 3522 est
1643 3468 1738 3523 eos
1770 3484 1883 3523 non
1911 3463 2203 3520 intendere
2238 3460 2304 3514 ut.

372 3568 666 3625 decretum
695 3568 868 3636 istud,
901 3571 1027 3624 ante
1060 3564 1408 3623 Pontificiam
1448 3563 1930 3639 approbationem,
1967 3555 2308 3629 sit0deliniti÷

372 3687 517 3740 vum,
540 3669 857 3743 absolutum,
884 3673 939 3726 et
965 3667 1034 3726 ad
1056 3667 1403 3726 credendum
1437 3663 1712 3738 obligans.
1741 3662 2046 3734 Nimirum,
2071 3676 2133 3717 ex
2159 3656 2300 3731 ipso·

2295 10 2340 53 ἀί

2279 115 2299 134 ‘‹-,

2335 245 2340 252 .
