2352 4126
245 397 272 441 6
842 389 852 398 ⁴
917 393 1216 442 TRACTATUS
1245 393 1312 440 DE
1343 394 1491 442 ΡΑΡΑ.

250 507 516 578 quantur.
563 503 845 579 Quidquid
886 521 1089 577 nempe
1131 501 1227 558 alii
1270 501 1536 561 Romanis
1585 503 1946 565 Pontificibus
1983 508 2164 565 vindi-

253 609 385 661 cant
410 603 627 661 ratione
654 605 868 660 directas
900 601 1216 678 potestatiS‚
1248 602 1496 679 idipsum
1525 604 1622 662 alii
1651 605 1867 663 ratione
1895 609 2166 666 indirecta?

253 703 392 780 ipsis
416 703 764 760 adscribunt.

334 803 613 860 Pssorosmo
643 789 742 856 V³.’
763 834 833 841 —
865 799 1059 868 Quibus
1106 803 1422 874 aryumentis
1456 802 1703 859 Ecclesiae
1738 804 2035 860 vindicatur
2070 823 2170 878 po-

257 907 419 956 testas
452 900 506 953 in
542 916 655 953 rem
686 898 1028 972 temporalem
1061 906 1314 971 statuum,
1345 901 1530 956 iisd-em
1570 908 1621 957 et
1657 901 1894 957 Romano
1929 901 2172 976 Pontifici

254 998 437 1054 eadem
453 1005 694 1070 potestas
717 998 1038 1053 vindicatur.
1061 1030 1131 1038 —
1152 997 1287 1054 Cum
1314 998 1466 1055 enim
1493 999 1746 1056 Romano
1770 999 2020 1057 Pontifici
2043 1001 2171 1075 jure

253 1096 440 1154 divino
480 1102 758 1169 competat
793 1097 958 1172 plena
1004 1098 1259 1171 regendae
1293 1099 1549 1155 Ecclesiae
1583 1105 1848 1174 potestaS‚
1900 1101 2173 1175 quidquid

253 1194 546 1269 potestatis
581 1195 838 1251 Ecclesiae
867 1195 1068 1252 merito
1094 1196 1385 1264 tribuitur,
1416 1198 1521 1254 hoc
1562 1197 1684 1272 ipso
1728 1198 1893 1255 debet
1929 1205 1982 1255 et
2016 1199 2174 1273 Papae

255 1294 454 1350 tribui.
483 1294 592 1351 Nec
618 1293 860 1368 fingatur
890 1295 1158 1370 majorem
1192 1314 1315 1352 esse
1350 1302 1682 1371 potestatem
1724 1298 1784 1353 in
1811 1298 2048 1355 concilio
2078 1298 2175 1355 Ec-

257 1391 488 1447 clesiam
523 1397 980 1466 repraesentante,
1029 1412 1200 1467 quam
1244 1394 1303 1449 in
1342 1395 1460 1451 solo
1496 1395 1660 1469 Papa.
1707 1395 1864 1470 Nam,
1911 1402 1974 1452 ut
2016 1413 2176 1470 supe-

254 1489 393 1546 riori
421 1498 577 1566 parte
601 1490 868 1565 vidimus,
901 1493 948 1548 si
974 1499 1171 1566 agatur
1199 1494 1266 1550 de
1290 1495 1864 1570 concilio-sine-Papa,
1890 1498 2069 1571 major
2095 1500 2180 1552 est

264 1595 509 1663 potestas
528 1590 701 1665 Papae3
735 1590 779 1646 si
802 1609 931 1647 vero
956 1597 1153 1665 agatur
1179 1593 1245 1649 de
1274 1593 1856 1669 concilio-cum-Papa,
1882 1613 1983 1651 nec
2002 1595 2181 1668 major

262 1703 366 1742 nec
399 1687 585 1742 minor
618 1694 699 1744 est
728 1688 939 1762 papalis
974 1689 1300 1746 auctoritas.
1338 1691 1514 1764 Igitur
1552 1697 1614 1746 ut
1651 1692 1921 1765 probetur
1945 1691 2181 1748 Romani

260 1786 542 1843 Pontificis
576 1787 636 1842 in
674 1806 795 1844 rem
823 1789 1191 1863 temporalem
1220 1796 1470 1846 statuum
1509 1797 1770 1864 potestas,
1803 1792 2003 1847 merito
2034 1792 2184 1847 infra

263 1887 679 1962 producuntur,
735 1907 849 1944 non
895 1894 1114 1945 tantum
1165 1889 1499 1946 documenta
1551 1895 1605 1945 et
1659 1892 2018 1948 auctoritates
2061 1909 2185 1965 quae

265 1985 478 2042 dictum
499 1987 592 2060 jus
624 1987 903 2060 expressis
931 1986 1187 2043 terminis
1212 1987 1379 2060 Papae
1414 1987 1695 2056 tribuunt⁷
1732 1990 1826 2044 scd
1857 1989 2025 2045 etiam
2060 2009 2186 2063 quae

271 2082 413 2139 illud
440 2084 698 2139 tribuunt
713 2085 986 2141 Ecclesiae.
1007 2083 1230 2139 Primus
1256 2102 1285 2140 e
1312 2090 1554 2157 quatuor
1575 2085 1832 2143 articulis
1856 2088 1987 2143 anni
2012 2086 2184 2158 1682,

266 2182 579 2256 quamlibet
597 2183 871 2255 ejusmodi
898 2188 1228 2258 potestatem
1260 2187 1473 2241 vicariis
1495 2185 1689 2243 Christi
1714 2189 1913 2262 ipsique
1935 2187 2187 2245 Ecclesiae

269 2280 524 2362 denegat.
557 2282 638 2337 Ad
673 2300 841 2355 quem
877 2282 1113 2355 proinde
1139 2283 1553 2356 explodendum
1585 2303 1833 2343 errorem
1875 2287 2060 2343 valent
2099 2303 2187 2341 ar-

270 2386 532 2454 gumenta
565 2398 707 2452 quae,
742 2380 854 2436 sive
871 2380 1146 2448 Ecclesiae,
1171 2381 1286 2438 sive
1311 2383 1556 2440 Romano
1581 2385 1831 2442 Pontifici
1866 2386 2072 2443 dictam
2096 2404 2190 2460 po—

264 2483 520 2536 testatem
552 2479 854 2535 vindicant.

344 2578 636 2634 Pnoposmo
663 2580 767 2635 VI³.
793 2612 862 2621 —
885 2579 1070 2653 Opinio
1106 2600 1223 2654 qaae
1250 2601 1452 2639 omnem
1476 2591 1816 2659 potestatem,
1859 2585 1912 2640 id
1944 2593 2044 2655 est,
2081 2588 2192 2642 sive

278 2677 534 2733 directam
563 2679 672 2733 sive
707 2679 1036 2751 indirectam,
1066 2683 1119 2736 in
1157 2701 1267 2737 rem
1301 2685 1643 2757 temporalem
1673 2693 1904 2740 suanam
1941 2685 2191 2740 Ecclesiae

283 2775 525 2848 (teneaat,
557 2795 803 2850 eoepresse
831 2779 1083 2835 damnata
1117 2783 1218 2854 fait
1244 2801 1276 2838 a
1302 2782 1399 2838 Pio
1416 2801 1563 2856 papa
1591 2783 1690 2852 IX,
1720 2785 1774 2838 in
1806 2782 1950 2839 balla
1978 2783 2192 2847 Quanta

277 2891 433 2940 cura,
471 2877 833 2949 propositione
858 2875 1040 2934 XXIV
1073 2878 1291 2951 Syllam,
1327 2914 1399 2921 —-
1425 2881 1706 2936 Damnatae
1740 2881 1907 2954 hujus
1945 2881 2194 2956 proposi-

279 2970 451 3026 tionis
483 2971 764 3045 vigesimae
801 2980 1013 3047 quartae
1039 2981 1201 3032 tenor
1236 2983 1320 3035 est
1354 2978 1521 3053 hujus
1550 2979 1736 3035 modi:
1789 3001 1815 3031 «
1836 2979 2078 3035 Ecclesia
2111 2979 2194 3035 vis
2252 3021 2254 3023 -

283 3069 592 3128 inferendae
613 3078 941 3147 potestatem
959 3092 1072 3130 non
1099 3076 1287 3145 habet,
1309 3096 1493 3152 neque
1518 3083 1848 3153 potestatem
1870 3079 2042 3134 ullam
2062 3083 2196 3134 tem-

278 3170 530 3245 poralem
564 3171 833 3229 directam
859 3173 947 3231 vel
971 3173 1374 3233 indirectam.»
1410 3176 1583 3251 (Bulla
1615 3177 1824 3245 Qacmta
1861 3195 2004 3245 cara,
2043 3177 2073 3234 8
2107 3177 2197 3234 de-

280 3269 520 3327 cembris
548 3270 743 3345 1864.)
