<?xml version="1.0" encoding="UTF-8"?>
<!DOCTYPE html PUBLIC "-//W3C//DTD XHTML 1.0 Transitional//EN"
    "http://www.w3.org/TR/xhtml1/DTD/xhtml1-transitional.dtd">
<html xmlns="http://www.w3.org/1999/xhtml" xml:lang="en" lang="en">
 <head>
  <title>
</title>
<meta http-equiv="Content-Type" content="text/html;charset=utf-8" />
  <meta name='ocr-system' content='tesseract 3.04.00' />
  <meta name='ocr-capabilities' content='ocr_page ocr_carea ocr_par ocr_line ocrx_word'/>
</head>
<body>
  <div class='ocr_page' id='page_1' title='image "a548470103bouiuoft_0462.png"; bbox 0 0 2340 3990; ppageno 0'>
   <div class='ocr_carea' id='block_1_1' title="bbox 1299 131 1327 142">
    <p class='ocr_par' dir='ltr' id='par_1_1' title="bbox 1299 131 1327 142">
     <span class='ocr_line' id='line_1_1' title="bbox 1299 131 1327 142; baseline 0 0"><span class='ocrx_word' id='word_1_1' title='bbox 1299 131 1327 142; x_wconf 65' lang='lat' dir='ltr'><strong>‚A</strong></span> 
     </span>
    </p>
   </div>
   <div class='ocr_carea' id='block_1_2' title="bbox 187 246 1695 317">
    <p class='ocr_par' dir='ltr' id='par_1_2' title="bbox 187 246 1695 317">
     <span class='ocr_line' id='line_1_2' title="bbox 187 246 1695 317; baseline 0.001 -2"><span class='ocrx_word' id='word_1_2' title='bbox 187 246 191 249; x_wconf 73' lang='grc'><strong>’</strong></span> <span class='ocrx_word' id='word_1_3' title='bbox 223 269 312 317; x_wconf 74' lang='lat'><strong>458</strong></span> <span class='ocrx_word' id='word_1_4' title='bbox 682 267 839 313; x_wconf 75' lang='lat' dir='ltr'><strong>mnax</strong></span> <span class='ocrx_word' id='word_1_5' title='bbox 877 268 1036 315; x_wconf 77' lang='lat' dir='ltr'><strong>sum</strong></span> <span class='ocrx_word' id='word_1_6' title='bbox 1063 267 1414 317; x_wconf 68' lang='lat' dir='ltr'><strong>mmmmm</strong></span> <span class='ocrx_word' id='word_1_7' title='bbox 1445 268 1695 317; x_wconf 68' lang='lat' dir='ltr'><strong>cumam.</strong></span> 
     </span>
    </p>
   </div>
   <div class='ocr_carea' id='block_1_3' title="bbox 329 372 2158 1108">
    <p class='ocr_par' dir='ltr' id='par_1_3' title="bbox 329 372 2158 1108">
     <span class='ocr_line' id='line_1_3' title="bbox 382 372 2024 435; baseline 0.004 -17"><span class='ocrx_word' id='word_1_8' title='bbox 382 376 515 431; x_wconf 82' lang='lat' dir='ltr'><strong>Prop.</strong></span> <span class='ocrx_word' id='word_1_9' title='bbox 542 375 631 416; x_wconf 72' lang='lat' dir='ltr'><strong>1X2.</strong></span> <span class='ocrx_word' id='word_1_10' title='bbox 661 395 716 404; x_wconf 94' lang='lat'><strong>—-</strong></span> <span class='ocrx_word' id='word_1_11' title='bbox 743 372 927 414; x_wconf 88' lang='lat' dir='ltr'><strong>Lucutio</strong></span> <span class='ocrx_word' id='word_1_12' title='bbox 955 373 1273 433; x_wconf 81' lang='lat' dir='ltr'><strong>infallibilitatis</strong></span> <span class='ocrx_word' id='word_1_13' title='bbox 1312 381 1523 431; x_wconf 72' lang='lat' dir='ltr'><strong>separatae</strong></span> <span class='ocrx_word' id='word_1_14' title='bbox 1553 380 1671 418; x_wconf 82' lang='lat' dir='ltr'><strong>recta</strong></span> <span class='ocrx_word' id='word_1_15' title='bbox 1701 381 1770 421; x_wconf 86' lang='lat' dir='ltr'><strong>est</strong></span> <span class='ocrx_word' id='word_1_16' title='bbox 1803 378 1851 420; x_wconf 87' lang='lat' dir='ltr'><strong>in</strong></span> <span class='ocrx_word' id='word_1_17' title='bbox 1880 380 2024 435; x_wconf 86' lang='lat' dir='ltr'><strong>aliquo</strong></span> 
     </span>
     <span class='ocr_line' id='line_1_4' title="bbox 435 442 2157 506; baseline 0.002 -19"><span class='ocrx_word' id='word_1_18' title='bbox 435 444 539 487; x_wconf 88' lang='lat' dir='ltr'><strong>satis</strong></span> <span class='ocrx_word' id='word_1_19' title='bbox 557 442 682 484; x_wconf 86' lang='lat' dir='ltr'><strong>obvio</strong></span> <span class='ocrx_word' id='word_1_20' title='bbox 704 453 847 491; x_wconf 89' lang='lat' dir='ltr'><strong>sensu,</strong></span> <span class='ocrx_word' id='word_1_21' title='bbox 866 453 1046 485; x_wconf 86' lang='lat' dir='ltr'><strong>erronea</strong></span> <span class='ocrx_word' id='word_1_22' title='bbox 1070 443 1116 485; x_wconf 92' lang='lat' dir='ltr'><strong>in</strong></span> <span class='ocrx_word' id='word_1_23' title='bbox 1141 444 1245 490; x_wconf 86' lang='lat' dir='ltr'><strong>alio.</strong></span> <span class='ocrx_word' id='word_1_24' title='bbox 1303 475 2016 492; x_wconf 90' lang='grc'><strong>..............</strong></span> <span class='ocrx_word' id='word_1_25' title='bbox 2017 496 2029 506; x_wconf 51' lang='grc'><strong>.</strong></span> <span class='ocrx_word' id='word_1_26' title='bbox 2102 462 2157 491; x_wconf 80' lang='lat'><strong>111</strong></span> 
     </span>
     <span class='ocr_line' id='line_1_5' title="bbox 384 510 2028 567; baseline 0.005 -18"><span class='ocrx_word' id='word_1_27' title='bbox 384 515 510 564; x_wconf 78' lang='lat' dir='ltr'><strong>Prop.</strong></span> <span class='ocrx_word' id='word_1_28' title='bbox 538 513 607 553; x_wconf 82' lang='lat' dir='ltr'><strong>X·.</strong></span> <span class='ocrx_word' id='word_1_29' title='bbox 627 510 748 551; x_wconf 84' lang='lat' dir='ltr'><strong>—Ex</strong></span> <span class='ocrx_word' id='word_1_30' title='bbox 772 522 822 552; x_wconf 93' lang='lat' dir='ltr'><strong>eo</strong></span> <span class='ocrx_word' id='word_1_31' title='bbox 843 511 958 563; x_wconf 91' lang='lat' dir='ltr'><strong>quod</strong></span> <span class='ocrx_word' id='word_1_32' title='bbox 978 513 1086 565; x_wconf 82' lang='lat' dir='ltr'><strong>Papa</strong></span> <span class='ocrx_word' id='word_1_33' title='bbox 1104 511 1345 555; x_wconf 82' lang='lat' dir='ltr'><strong>infallibilis</strong></span> <span class='ocrx_word' id='word_1_34' title='bbox 1365 513 1424 555; x_wconf 88' lang='lat' dir='ltr'><strong>sit</strong></span> <span class='ocrx_word' id='word_1_35' title='bbox 1440 518 1655 567; x_wconf 89' lang='lat' dir='ltr'><strong>quatenus</strong></span> <span class='ocrx_word' id='word_1_36' title='bbox 1671 514 1895 558; x_wconf 91' lang='lat' dir='ltr'><strong>distinctus</strong></span> <span class='ocrx_word' id='word_1_37' title='bbox 1909 529 1935 558; x_wconf 85' lang='lat' dir='ltr'><strong>a</strong></span> <span class='ocrx_word' id='word_1_38' title='bbox 1953 528 2028 558; x_wconf 86' lang='lat' dir='ltr'><strong>re·-</strong></span> 
     </span>
     <span class='ocr_line' id='line_1_6' title="bbox 433 578 2022 635; baseline 0.003 -14"><span class='ocrx_word' id='word_1_39' title='bbox 433 579 553 632; x_wconf 89' lang='lat' dir='ltr'><strong>liquo</strong></span> <span class='ocrx_word' id='word_1_40' title='bbox 571 578 771 621; x_wconf 79' lang='lat' dir='ltr'><strong>Ecclesiae</strong></span> <span class='ocrx_word' id='word_1_41' title='bbox 788 591 980 632; x_wconf 85' lang='lat' dir='ltr'><strong>corpore,</strong></span> <span class='ocrx_word' id='word_1_42' title='bbox 1007 592 1082 622; x_wconf 90' lang='lat' dir='ltr'><strong>seu</strong></span> <span class='ocrx_word' id='word_1_43' title='bbox 1093 593 1145 623; x_wconf 81' lang='lat' dir='ltr'><strong>ex</strong></span> <span class='ocrx_word' id='word_1_44' title='bbox 1160 593 1209 623; x_wconf 93' lang='lat' dir='ltr'><strong>eo</strong></span> <span class='ocrx_word' id='word_1_45' title='bbox 1226 581 1342 635; x_wconf 89' lang='lat' dir='ltr'><strong>quod</strong></span> <span class='ocrx_word' id='word_1_46' title='bbox 1362 581 1454 635; x_wconf 84' lang='lat' dir='ltr'><strong>ejus</strong></span> <span class='ocrx_word' id='word_1_47' title='bbox 1475 581 1761 624; x_wconf 79' lang='lat' dir='ltr'><strong>infallibilitas</strong></span> <span class='ocrx_word' id='word_1_48' title='bbox 1782 583 1853 633; x_wconf 90' lang='lat' dir='ltr'><strong>sit,</strong></span> <span class='ocrx_word' id='word_1_49' title='bbox 1879 583 1926 626; x_wconf 92' lang='lat' dir='ltr'><strong>in</strong></span> <span class='ocrx_word' id='word_1_50' title='bbox 1947 596 2022 626; x_wconf 86' lang='lat' dir='ltr'><strong>ex·</strong></span> 
     </span>
     <span class='ocr_line' id='line_1_7' title="bbox 437 646 2030 707; baseline 0.004 -19"><span class='ocrx_word' id='word_1_51' title='bbox 437 647 576 700; x_wconf 89' lang='lat' dir='ltr'><strong>posito</strong></span> <span class='ocrx_word' id='word_1_52' title='bbox 597 658 726 689; x_wconf 90' lang='lat' dir='ltr'><strong>sensu</strong></span> <span class='ocrx_word' id='word_1_53' title='bbox 760 646 899 696; x_wconf 93' lang='lat' dir='ltr'><strong>obvio,</strong></span> <span class='ocrx_word' id='word_1_54' title='bbox 918 648 1168 702; x_wconf 77' lang='lat' dir='ltr'><strong>personalis</strong></span> <span class='ocrx_word' id='word_1_55' title='bbox 1193 654 1237 691; x_wconf 88' lang='lat' dir='ltr'><strong>et</strong></span> <span class='ocrx_word' id='word_1_56' title='bbox 1264 653 1490 704; x_wconf 81' lang='lat' dir='ltr'><strong>separata,</strong></span> <span class='ocrx_word' id='word_1_57' title='bbox 1514 650 1714 703; x_wconf 89' lang='lat' dir='ltr'><strong>sequitur</strong></span> <span class='ocrx_word' id='word_1_58' title='bbox 1735 651 1779 707; x_wconf 77' lang='lat' dir='ltr'><strong>jn</strong></span> <span class='ocrx_word' id='word_1_59' title='bbox 1804 653 1927 705; x_wconf 80' lang='lat' dir='ltr'><strong>praxi</strong></span> <span class='ocrx_word' id='word_1_60' title='bbox 1950 653 2030 694; x_wconf 89' lang='lat' dir='ltr'><strong>Pa-</strong></span> 
     </span>
     <span class='ocr_line' id='line_1_8' title="bbox 435 715 2027 773; baseline 0.004 -16"><span class='ocrx_word' id='word_1_61' title='bbox 435 716 581 770; x_wconf 85' lang='lat' dir='ltr'><strong>palem</strong></span> <span class='ocrx_word' id='word_1_62' title='bbox 610 715 907 758; x_wconf 84' lang='lat' dir='ltr'><strong>definitionem</strong></span> <span class='ocrx_word' id='word_1_63' title='bbox 936 729 1028 760; x_wconf 90' lang='lat' dir='ltr'><strong>esse</strong></span> <span class='ocrx_word' id='word_1_64' title='bbox 1049 731 1227 772; x_wconf 86' lang='lat' dir='ltr'><strong>prorsus</strong></span> <span class='ocrx_word' id='word_1_65' title='bbox 1257 719 1399 773; x_wconf 91' lang='lat' dir='ltr'><strong>quoad</strong></span> <span class='ocrx_word' id='word_1_66' title='bbox 1429 731 1578 762; x_wconf 90' lang='lat' dir='ltr'><strong>omnes</strong></span> <span class='ocrx_word' id='word_1_67' title='bbox 1602 724 1646 761; x_wconf 88' lang='lat' dir='ltr'><strong>et</strong></span> <span class='ocrx_word' id='word_1_68' title='bbox 1663 719 1858 772; x_wconf 85' lang='lat' dir='ltr'><strong>singulos</strong></span> <span class='ocrx_word' id='word_1_69' title='bbox 1881 721 2027 764; x_wconf 88' lang='lat' dir='ltr'><strong>statim</strong></span> 
     </span>
     <span class='ocr_line' id='line_1_9' title="bbox 408 785 2029 844; baseline 0.006 -19"><span class='ocrx_word' id='word_1_70' title='bbox 408 785 755 839; x_wconf 55' lang='lat' dir='ltr'><strong>„⁴oh1igatoriam,</strong></span> <span class='ocrx_word' id='word_1_71' title='bbox 797 791 1030 839; x_wconf 86' lang='lat' dir='ltr'><strong>antequam</strong></span> <span class='ocrx_word' id='word_1_72' title='bbox 1062 793 1226 830; x_wconf 91' lang='lat' dir='ltr'><strong>constet</strong></span> <span class='ocrx_word' id='word_1_73' title='bbox 1265 788 1493 831; x_wconf 84' lang='lat' dir='ltr'><strong>accessisse</strong></span> <span class='ocrx_word' id='word_1_74' title='bbox 1524 789 1693 831; x_wconf 88' lang='lat' dir='ltr'><strong>aliorun</strong></span> <span class='ocrx_word' id='word_1_75' title='bbox 1725 789 2029 844; x_wconf 90' lang='lat' dir='ltr'><strong>Episcoporum</strong></span> 
     </span>
     <span class='ocr_line' id='line_1_10' title="bbox 446 866 2158 907; baseline 0.004 -11"><span class='ocrx_word' id='word_1_76' title='bbox 446 866 702 896; x_wconf 89' lang='lat' dir='ltr'><strong>consensum</strong></span> <span class='ocrx_word' id='word_1_77' title='bbox 713 885 1257 901; x_wconf 89' lang='grc'><strong>...........</strong></span> <span class='ocrx_word' id='word_1_78' title='bbox 1287 904 1290 907; x_wconf 61' lang='grc'>,</span> <span class='ocrx_word' id='word_1_79' title='bbox 1303 887 2017 903; x_wconf 75' lang='grc'><strong>...............</strong></span> <span class='ocrx_word' id='word_1_80' title='bbox 2089 873 2158 900; x_wconf 83' lang='lat' dir='ltr'><strong>xm</strong></span> 
     </span>
     <span class='ocr_line' id='line_1_11' title="bbox 329 918 2024 974; baseline 0.004 -14"><span class='ocrx_word' id='word_1_81' title='bbox 329 920 353 973; x_wconf 69' lang='grc'>5</span> <span class='ocrx_word' id='word_1_82' title='bbox 378 918 419 961; x_wconf 78' lang='lat'><strong>2.</strong></span> <span class='ocrx_word' id='word_1_83' title='bbox 443 921 734 962; x_wconf 82' lang='lat' dir='ltr'><strong>—Adnotatio</strong></span> <span class='ocrx_word' id='word_1_84' title='bbox 765 921 818 963; x_wconf 92' lang='lat' dir='ltr'><strong>de</strong></span> <span class='ocrx_word' id='word_1_85' title='bbox 847 922 1109 974; x_wconf 89' lang='lat' dir='ltr'><strong>quibusdam</strong></span> <span class='ocrx_word' id='word_1_86' title='bbox 1136 922 1241 964; x_wconf 86' lang='lat' dir='ltr'><strong>tomi</strong></span> <span class='ocrx_word' id='word_1_87' title='bbox 1273 922 1453 965; x_wconf 89' lang='lat' dir='ltr'><strong>secundi</strong></span> <span class='ocrx_word' id='word_1_88' title='bbox 1481 922 1640 972; x_wconf 79' lang='lat' dir='ltr'><strong>verhiS,</strong></span> <span class='ocrx_word' id='word_1_89' title='bbox 1665 923 1850 966; x_wconf 84' lang='lat' dir='ltr'><strong>Jesuitas</strong></span> <span class='ocrx_word' id='word_1_90' title='bbox 1880 925 2024 967; x_wconf 86' lang='lat' dir='ltr'><strong>Galliae</strong></span> 
     </span>
     <span class='ocr_line' id='line_1_12' title="bbox 381 991 2025 1045; baseline 0.003 -12"><span class='ocrx_word' id='word_1_91' title='bbox 381 991 736 1045; x_wconf 86' lang='lat' dir='ltr'><strong>respicientibus;</strong></span> <span class='ocrx_word' id='word_1_92' title='bbox 764 1004 928 1035; x_wconf 88' lang='lat' dir='ltr'><strong>necnon</strong></span> <span class='ocrx_word' id='word_1_93' title='bbox 963 994 1015 1035; x_wconf 93' lang='lat' dir='ltr'><strong>de</strong></span> <span class='ocrx_word' id='word_1_94' title='bbox 1041 994 1320 1037; x_wconf 90' lang='lat' dir='ltr'><strong>commodatis</strong></span> <span class='ocrx_word' id='word_1_95' title='bbox 1365 994 1471 1037; x_wconf 89' lang='lat' dir='ltr'><strong>mihi</strong></span> <span class='ocrx_word' id='word_1_96' title='bbox 1505 995 1772 1037; x_wconf 86' lang='lat' dir='ltr'><strong>documentis</strong></span> <span class='ocrx_word' id='word_1_97' title='bbox 1812 1007 1834 1036; x_wconf 91' lang='lat' dir='ltr'><strong>a</strong></span> <span class='ocrx_word' id='word_1_98' title='bbox 1875 996 2025 1038; x_wconf 85' lang='lat' dir='ltr'><strong>claris-</strong></span> 
     </span>
     <span class='ocr_line' id='line_1_13' title="bbox 387 1058 2156 1108; baseline 0.005 -8"><span class='ocrx_word' id='word_1_99' title='bbox 387 1058 495 1101; x_wconf 91' lang='lat' dir='ltr'><strong>simo</strong></span> <span class='ocrx_word' id='word_1_100' title='bbox 525 1058 671 1101; x_wconf 87' lang='lat' dir='ltr'><strong>Carolo</strong></span> <span class='ocrx_word' id='word_1_101' title='bbox 692 1060 818 1102; x_wconf 76' lang='lat' dir='ltr'><strong>Gerin</strong></span> <span class='ocrx_word' id='word_1_102' title='bbox 827 1091 2014 1108; x_wconf 89' lang='grc'><strong>......................</strong></span> <span class='ocrx_word' id='word_1_103' title='bbox 2092 1077 2156 1105; x_wconf 84' lang='lat' dir='ltr'><strong>x1v</strong></span> 
     </span>
    </p>
   </div>
   <div class='ocr_carea' id='block_1_4' title="bbox 996 1349 1382 1422">
    <p class='ocr_par' dir='ltr' id='par_1_4' title="bbox 996 1349 1382 1422">
     <span class='ocr_line' id='line_1_14' title="bbox 996 1349 1382 1422; baseline 0.005 -2"><span class='ocrx_word' id='word_1_104' title='bbox 996 1349 1229 1420; x_wconf 87' lang='lat' dir='ltr'><strong>PARS</strong></span> <span class='ocrx_word' id='word_1_105' title='bbox 1287 1353 1382 1422; x_wconf 94' lang='lat' dir='ltr'><strong>lV</strong></span> 
     </span>
    </p>
   </div>
   <div class='ocr_carea' id='block_1_5' title="bbox 238 1521 2136 1620">
    <p class='ocr_par' dir='ltr' id='par_1_5' title="bbox 238 1521 2136 1620">
     <span class='ocr_line' id='line_1_15' title="bbox 238 1521 2136 1565; baseline 0.005 -8"><span class='ocrx_word' id='word_1_106' title='bbox 238 1521 315 1557; x_wconf 73' lang='lat' dir='ltr'><strong>Ro</strong></span> <span class='ocrx_word' id='word_1_107' title='bbox 327 1521 489 1557; x_wconf 66' lang='grc' dir='ltr'><strong>ΜΔΝΟ</strong></span> <span class='ocrx_word' id='word_1_108' title='bbox 511 1521 798 1558; x_wconf 70' lang='lat' dir='ltr'><strong>Ponurlcx</strong></span> <span class='ocrx_word' id='word_1_109' title='bbox 820 1522 1171 1559; x_wconf 61' lang='lat' dir='ltr'><strong>mulum</strong></span> <span class='ocrx_word' id='word_1_110' title='bbox 1193 1524 1485 1562; x_wconf 59' lang='lat' dir='ltr'><strong>Pornsras</strong></span> <span class='ocrx_word' id='word_1_111' title='bbox 1509 1527 1571 1562; x_wconf 77' lang='lat' dir='ltr'><strong>m</strong></span> <span class='ocrx_word' id='word_1_112' title='bbox 1593 1528 1719 1563; x_wconf 70' lang='lat' dir='ltr'><strong>m</strong></span> <span class='ocrx_word' id='word_1_113' title='bbox 1742 1529 2136 1565; x_wconf 65' lang='lat' dir='ltr'><strong>mom</strong></span> 
     </span>
     <span class='ocr_line' id='line_1_16' title="bbox 857 1580 1524 1620; baseline 0.006 -5"><span class='ocrx_word' id='word_1_114' title='bbox 857 1580 1227 1617; x_wconf 64' lang='lat' dir='ltr'>SOCOETATUH</span> <span class='ocrx_word' id='word_1_115' title='bbox 1250 1583 1524 1620; x_wconf 62' lang='lat' dir='ltr'><strong>emuna.</strong></span> 
     </span>
    </p>
   </div>
   <div class='ocr_carea' id='block_1_6' title="bbox 227 1742 2164 3734">
    <p class='ocr_par' dir='ltr' id='par_1_6' title="bbox 227 1742 2159 1936">
     <span class='ocr_line' id='line_1_17' title="bbox 227 1742 2159 1796; baseline 0.004 -14"><span class='ocrx_word' id='word_1_116' title='bbox 227 1742 487 1783; x_wconf 68' lang='lat' dir='ltr'><strong>DISCEPTATIO</strong></span> <span class='ocrx_word' id='word_1_117' title='bbox 511 1753 681 1785; x_wconf 64' lang='lat' dir='ltr'><strong>rnaevu.</strong></span> <span class='ocrx_word' id='word_1_118' title='bbox 703 1765 755 1772; x_wconf 97' lang='lat'><strong>—</strong></span> <span class='ocrx_word' id='word_1_119' title='bbox 781 1742 838 1783; x_wconf 87' lang='lat' dir='ltr'><strong>De</strong></span> <span class='ocrx_word' id='word_1_120' title='bbox 864 1748 976 1784; x_wconf 88' lang='lat' dir='ltr'><strong>statu</strong></span> <span class='ocrx_word' id='word_1_121' title='bbox 1001 1744 1251 1796; x_wconf 84' lang='lat' dir='ltr'><strong>quaestionis</strong></span> <span class='ocrx_word' id='word_1_122' title='bbox 1262 1777 1692 1792; x_wconf 90' lang='grc'><strong>.........</strong></span> <span class='ocrx_word' id='word_1_123' title='bbox 1718 1753 1730 1759; x_wconf 73' lang='grc'><em>”</em></span> <span class='ocrx_word' id='word_1_124' title='bbox 1735 1777 2015 1790; x_wconf 90' lang='grc'><strong>......</strong></span> <span class='ocrx_word' id='word_1_125' title='bbox 2133 1747 2159 1789; x_wconf 78' lang='lat'><strong>2</strong></span> 
     </span>
     <span class='ocr_line' id='line_1_18' title="bbox 384 1810 2028 1870; baseline 0.003 -18"><span class='ocrx_word' id='word_1_126' title='bbox 384 1812 515 1865; x_wconf 82' lang='lat' dir='ltr'><strong>Prop.</strong></span> <span class='ocrx_word' id='word_1_127' title='bbox 544 1813 597 1852; x_wconf 70' lang='grc' dir='ltr'><strong>Ρ.</strong></span> <span class='ocrx_word' id='word_1_128' title='bbox 625 1833 677 1840; x_wconf 93' lang='grc'>-</span> <span class='ocrx_word' id='word_1_129' title='bbox 703 1810 866 1864; x_wconf 83' lang='lat' dir='ltr'><strong>Duplex</strong></span> <span class='ocrx_word' id='word_1_130' title='bbox 886 1814 1047 1855; x_wconf 74' lang='lat' dir='ltr'><strong>moveri</strong></span> <span class='ocrx_word' id='word_1_131' title='bbox 1074 1819 1227 1868; x_wconf 86' lang='lat' dir='ltr'><strong>potest,</strong></span> <span class='ocrx_word' id='word_1_132' title='bbox 1257 1819 1299 1856; x_wconf 91' lang='lat' dir='ltr'><strong>et</strong></span> <span class='ocrx_word' id='word_1_133' title='bbox 1323 1814 1376 1855; x_wconf 90' lang='lat' dir='ltr'><strong>de</strong></span> <span class='ocrx_word' id='word_1_134' title='bbox 1404 1815 1514 1857; x_wconf 88' lang='lat' dir='ltr'><strong>sacto</strong></span> <span class='ocrx_word' id='word_1_135' title='bbox 1543 1820 1658 1858; x_wconf 87' lang='lat' dir='ltr'><strong>mota</strong></span> <span class='ocrx_word' id='word_1_136' title='bbox 1681 1821 1747 1858; x_wconf 88' lang='lat' dir='ltr'><strong>est</strong></span> <span class='ocrx_word' id='word_1_137' title='bbox 1772 1815 1952 1870; x_wconf 70' lang='lat' dir='ltr'><strong>quoestio</strong></span> <span class='ocrx_word' id='word_1_138' title='bbox 1976 1817 2028 1857; x_wconf 91' lang='lat' dir='ltr'><strong>de</strong></span> 
     </span>
     <span class='ocr_line' id='line_1_19' title="bbox 440 1879 2026 1936; baseline 0.004 -16"><span class='ocrx_word' id='word_1_139' title='bbox 440 1884 651 1933; x_wconf 82' lang='lat' dir='ltr'><strong>potestate</strong></span> <span class='ocrx_word' id='word_1_140' title='bbox 678 1880 802 1933; x_wconf 80' lang='lat' dir='ltr'><strong>Papae</strong></span> <span class='ocrx_word' id='word_1_141' title='bbox 825 1879 864 1921; x_wconf 88' lang='lat' dir='ltr'><strong>in</strong></span> <span class='ocrx_word' id='word_1_142' title='bbox 886 1893 978 1923; x_wconf 90' lang='lat' dir='ltr'><strong>rem</strong></span> <span class='ocrx_word' id='word_1_143' title='bbox 998 1885 1279 1936; x_wconf 83' lang='lat' dir='ltr'><strong>temporalem</strong></span> <span class='ocrx_word' id='word_1_144' title='bbox 1301 1883 1556 1925; x_wconf 89' lang='lat' dir='ltr'><strong>societatum</strong></span> <span class='ocrx_word' id='word_1_145' title='bbox 1579 1883 1788 1935; x_wconf 83' lang='lat' dir='ltr'><strong>civilium,</strong></span> <span class='ocrx_word' id='word_1_146' title='bbox 1812 1884 2026 1935; x_wconf 86' lang='lat' dir='ltr'><strong>videlicet,</strong></span> 
     </span>
    </p>

    <p class='ocr_par' dir='ltr' id='par_1_7' title="bbox 382 1950 2159 2214">
     <span class='ocr_line' id='line_1_20' title="bbox 437 1950 2159 2003; baseline 0.003 -14"><span class='ocrx_word' id='word_1_147' title='bbox 437 1961 490 1990; x_wconf 90' lang='lat' dir='ltr'><strong>an</strong></span> <span class='ocrx_word' id='word_1_148' title='bbox 518 1950 571 1991; x_wconf 89' lang='lat' dir='ltr'><strong>sit</strong></span> <span class='ocrx_word' id='word_1_149' title='bbox 595 1955 636 1991; x_wconf 93' lang='lat' dir='ltr'><strong>et</strong></span> <span class='ocrx_word' id='word_1_150' title='bbox 656 1950 794 2003; x_wconf 90' lang='lat' dir='ltr'><strong>qualis</strong></span> <span class='ocrx_word' id='word_1_151' title='bbox 823 1951 878 1992; x_wconf 86' lang='lat' dir='ltr'><strong>sit</strong></span> <span class='ocrx_word' id='word_1_152' title='bbox 889 1981 2014 1998; x_wconf 86' lang='grc'><strong>......................</strong></span> <span class='ocrx_word' id='word_1_153' title='bbox 2135 1955 2159 1994; x_wconf 75' lang='lat'>2</span> 
     </span>
     <span class='ocr_line' id='line_1_21' title="bbox 382 2019 2030 2072; baseline 0.001 -14"><span class='ocrx_word' id='word_1_154' title='bbox 382 2019 513 2072; x_wconf 78' lang='lat' dir='ltr'><strong>Prop.</strong></span> <span class='ocrx_word' id='word_1_155' title='bbox 547 2020 621 2060; x_wconf 73' lang='lat'><strong>11².</strong></span> <span class='ocrx_word' id='word_1_156' title='bbox 645 2042 699 2049; x_wconf 91' lang='lat'><em>-</em></span> <span class='ocrx_word' id='word_1_157' title='bbox 720 2020 776 2059; x_wconf 85' lang='lat' dir='ltr'><strong>Ex</strong></span> <span class='ocrx_word' id='word_1_158' title='bbox 802 2032 852 2061; x_wconf 82' lang='lat' dir='ltr'><strong>eo</strong></span> <span class='ocrx_word' id='word_1_159' title='bbox 881 2020 993 2072; x_wconf 93' lang='lat' dir='ltr'><strong>quod</strong></span> <span class='ocrx_word' id='word_1_160' title='bbox 1010 2021 1206 2063; x_wconf 90' lang='lat' dir='ltr'><strong>doctores</strong></span> <span class='ocrx_word' id='word_1_161' title='bbox 1225 2020 1421 2063; x_wconf 84' lang='lat' dir='ltr'><strong>catholici</strong></span> <span class='ocrx_word' id='word_1_162' title='bbox 1447 2020 1564 2063; x_wconf 90' lang='lat' dir='ltr'><strong>inter</strong></span> <span class='ocrx_word' id='word_1_163' title='bbox 1583 2032 1629 2062; x_wconf 90' lang='lat' dir='ltr'><strong>se</strong></span> <span class='ocrx_word' id='word_1_164' title='bbox 1654 2032 1740 2062; x_wconf 93' lang='lat' dir='ltr'><strong>non</strong></span> <span class='ocrx_word' id='word_1_165' title='bbox 1759 2019 2030 2062; x_wconf 84' lang='lat' dir='ltr'><strong>consentiant</strong></span> 
     </span>
     <span class='ocr_line' id='line_1_22' title="bbox 430 2086 2029 2140; baseline -0.002 -9"><span class='ocrx_word' id='word_1_166' title='bbox 430 2087 488 2131; x_wconf 83' lang='lat' dir='ltr'><strong>de</strong></span> <span class='ocrx_word' id='word_1_167' title='bbox 518 2087 643 2128; x_wconf 90' lang='lat' dir='ltr'><strong>modo</strong></span> <span class='ocrx_word' id='word_1_168' title='bbox 665 2087 846 2139; x_wconf 88' lang='lat' dir='ltr'><strong>hujusce</strong></span> <span class='ocrx_word' id='word_1_169' title='bbox 870 2088 1102 2140; x_wconf 87' lang='lat' dir='ltr'><strong>potestatis,</strong></span> <span class='ocrx_word' id='word_1_170' title='bbox 1128 2094 1168 2129; x_wconf 91' lang='lat' dir='ltr'><strong>et</strong></span> <span class='ocrx_word' id='word_1_171' title='bbox 1189 2089 1340 2131; x_wconf 91' lang='lat' dir='ltr'><strong>modus</strong></span> <span class='ocrx_word' id='word_1_172' title='bbox 1361 2089 1435 2130; x_wconf 92' lang='lat' dir='ltr'><strong>ille</strong></span> <span class='ocrx_word' id='word_1_173' title='bbox 1464 2089 1657 2130; x_wconf 87' lang='lat' dir='ltr'><strong>incertus</strong></span> <span class='ocrx_word' id='word_1_174' title='bbox 1682 2088 1755 2138; x_wconf 87' lang='lat' dir='ltr'><strong>sit,</strong></span> <span class='ocrx_word' id='word_1_175' title='bbox 1779 2100 1865 2129; x_wconf 90' lang='lat' dir='ltr'><strong>non</strong></span> <span class='ocrx_word' id='word_1_176' title='bbox 1885 2086 2029 2140; x_wconf 84' lang='lat' dir='ltr'><strong>sequi·</strong></span> 
     </span>
     <span class='ocr_line' id='line_1_23' title="bbox 437 2160 2030 2214; baseline 0 -14"><span class='ocrx_word' id='word_1_177' title='bbox 437 2165 510 2200; x_wconf 92' lang='lat' dir='ltr'><strong>tur</strong></span> <span class='ocrx_word' id='word_1_178' title='bbox 529 2172 622 2200; x_wconf 92' lang='lat' dir='ltr'><strong>rem</strong></span> <span class='ocrx_word' id='word_1_179' title='bbox 649 2171 727 2201; x_wconf 88' lang='lat' dir='ltr'><strong>seu</strong></span> <span class='ocrx_word' id='word_1_180' title='bbox 750 2164 1004 2212; x_wconf 87' lang='lat' dir='ltr'><strong>potestatem</strong></span> <span class='ocrx_word' id='word_1_181' title='bbox 1035 2161 1170 2214; x_wconf 89' lang='lat' dir='ltr'><strong>ipsam</strong></span> <span class='ocrx_word' id='word_1_182' title='bbox 1198 2174 1286 2202; x_wconf 92' lang='lat' dir='ltr'><strong>non</strong></span> <span class='ocrx_word' id='word_1_183' title='bbox 1314 2173 1409 2203; x_wconf 86' lang='lat' dir='ltr'><strong>esse</strong></span> <span class='ocrx_word' id='word_1_184' title='bbox 1433 2160 1607 2203; x_wconf 91' lang='lat' dir='ltr'><strong>omnino</strong></span> <span class='ocrx_word' id='word_1_185' title='bbox 1640 2165 1804 2202; x_wconf 86' lang='lat' dir='ltr'><strong>certam</strong></span> <span class='ocrx_word' id='word_1_186' title='bbox 1831 2165 1960 2212; x_wconf 86' lang='lat' dir='ltr'><strong>atque</strong></span> <span class='ocrx_word' id='word_1_187' title='bbox 1979 2165 2030 2201; x_wconf 90' lang='lat' dir='ltr'><strong>ut</strong></span> 
     </span>
    </p>

    <p class='ocr_par' dir='ltr' id='par_1_8' title="bbox 384 2228 2162 2495">
     <span class='ocr_line' id='line_1_24' title="bbox 434 2228 2162 2281; baseline 0.005 -13"><span class='ocrx_word' id='word_1_188' title='bbox 434 2229 568 2269; x_wconf 90' lang='lat' dir='ltr'><strong>talem</strong></span> <span class='ocrx_word' id='word_1_189' title='bbox 587 2230 638 2269; x_wconf 89' lang='lat' dir='ltr'><strong>ab</strong></span> <span class='ocrx_word' id='word_1_190' title='bbox 659 2228 766 2281; x_wconf 91' lang='lat' dir='ltr'><strong>ipsis</strong></span> <span class='ocrx_word' id='word_1_191' title='bbox 788 2230 1076 2271; x_wconf 87' lang='lat' dir='ltr'><strong>communiter</strong></span> <span class='ocrx_word' id='word_1_192' title='bbox 1100 2231 1331 2272; x_wconf 85' lang='lat' dir='ltr'><strong>admissam</strong></span> <span class='ocrx_word' id='word_1_193' title='bbox 1335 2259 2021 2276; x_wconf 87' lang='lat'><strong>..............</strong></span> <span class='ocrx_word' id='word_1_194' title='bbox 2137 2228 2162 2269; x_wconf 81' lang='lat'><strong>2</strong></span> 
     </span>
     <span class='ocr_line' id='line_1_25' title="bbox 384 2300 2027 2355; baseline 0.001 -16"><span class='ocrx_word' id='word_1_195' title='bbox 384 2300 514 2353; x_wconf 84' lang='lat' dir='ltr'><strong>Prop.</strong></span> <span class='ocrx_word' id='word_1_196' title='bbox 540 2301 637 2341; x_wconf 71' lang='lat'><em>111⁸.</em></span> <span class='ocrx_word' id='word_1_197' title='bbox 658 2323 712 2331; x_wconf 95' lang='lat'>—</span> <span class='ocrx_word' id='word_1_198' title='bbox 731 2301 781 2342; x_wconf 91' lang='lat' dir='ltr'><strong>Ut</strong></span> <span class='ocrx_word' id='word_1_199' title='bbox 801 2311 1010 2342; x_wconf 86' lang='lat' dir='ltr'><strong>erroneus</strong></span> <span class='ocrx_word' id='word_1_200' title='bbox 1024 2303 1233 2354; x_wconf 78' lang='lat' dir='ltr'><strong>probetur</strong></span> <span class='ocrx_word' id='word_1_201' title='bbox 1253 2303 1420 2354; x_wconf 89' lang='lat' dir='ltr'><strong>primus</strong></span> <span class='ocrx_word' id='word_1_202' title='bbox 1442 2315 1464 2344; x_wconf 90' lang='lat' dir='ltr'><strong>e</strong></span> <span class='ocrx_word' id='word_1_203' title='bbox 1484 2308 1671 2355; x_wconf 87' lang='lat' dir='ltr'><strong>quatuor</strong></span> <span class='ocrx_word' id='word_1_204' title='bbox 1691 2301 1884 2342; x_wconf 79' lang='lat' dir='ltr'><strong>articulis</strong></span> <span class='ocrx_word' id='word_1_205' title='bbox 1901 2300 2027 2352; x_wconf 80' lang='lat' dir='ltr'><strong>galli-</strong></span> 
     </span>
     <span class='ocr_line' id='line_1_26' title="bbox 439 2369 2030 2424; baseline -0.001 -14"><span class='ocrx_word' id='word_1_206' title='bbox 439 2369 559 2411; x_wconf 88' lang='lat' dir='ltr'><strong>canis</strong></span> <span class='ocrx_word' id='word_1_207' title='bbox 594 2369 696 2410; x_wconf 90' lang='lat' dir='ltr'><strong>anni</strong></span> <span class='ocrx_word' id='word_1_208' title='bbox 731 2369 859 2420; x_wconf 79' lang='lat'><strong>1682,</strong></span> <span class='ocrx_word' id='word_1_209' title='bbox 885 2370 989 2412; x_wconf 88' lang='lat' dir='ltr'><strong>satis</strong></span> <span class='ocrx_word' id='word_1_210' title='bbox 1019 2377 1085 2412; x_wconf 84' lang='lat' dir='ltr'><strong>cst</strong></span> <span class='ocrx_word' id='word_1_211' title='bbox 1110 2377 1273 2413; x_wconf 87' lang='lat' dir='ltr'><strong>certam</strong></span> <span class='ocrx_word' id='word_1_212' title='bbox 1304 2371 1477 2424; x_wconf 87' lang='lat' dir='ltr'><strong>probari</strong></span> <span class='ocrx_word' id='word_1_213' title='bbox 1501 2372 1687 2424; x_wconf 86' lang='lat' dir='ltr'><strong>aliquam</strong></span> <span class='ocrx_word' id='word_1_214' title='bbox 1719 2369 1898 2412; x_wconf 85' lang='lat' dir='ltr'><strong>Romani</strong></span> <span class='ocrx_word' id='word_1_215' title='bbox 1923 2369 2030 2410; x_wconf 90' lang='lat' dir='ltr'><strong>Pon-</strong></span> 
     </span>
     <span class='ocr_line' id='line_1_27' title="bbox 441 2439 2028 2495; baseline 0.001 -15"><span class='ocrx_word' id='word_1_216' title='bbox 441 2439 571 2481; x_wconf 84' lang='lat' dir='ltr'><strong>tifieis</strong></span> <span class='ocrx_word' id='word_1_217' title='bbox 589 2445 846 2492; x_wconf 87' lang='lat' dir='ltr'><strong>potestatem</strong></span> <span class='ocrx_word' id='word_1_218' title='bbox 871 2441 914 2481; x_wconf 90' lang='lat' dir='ltr'><strong>in</strong></span> <span class='ocrx_word' id='word_1_219' title='bbox 940 2453 1029 2482; x_wconf 85' lang='lat' dir='ltr'><strong>rem</strong></span> <span class='ocrx_word' id='word_1_220' title='bbox 1047 2443 1329 2495; x_wconf 87' lang='lat' dir='ltr'><strong>temporalem</strong></span> <span class='ocrx_word' id='word_1_221' title='bbox 1348 2447 1538 2484; x_wconf 89' lang='lat' dir='ltr'><strong>statuum</strong></span> <span class='ocrx_word' id='word_1_222' title='bbox 1557 2456 1567 2492; x_wconf 93' lang='lat'>;</span> <span class='ocrx_word' id='word_1_223' title='bbox 1592 2454 1677 2484; x_wconf 90' lang='lat' dir='ltr'><strong>non</strong></span> <span class='ocrx_word' id='word_1_224' title='bbox 1699 2446 1842 2483; x_wconf 90' lang='lat' dir='ltr'><strong>autem</strong></span> <span class='ocrx_word' id='word_1_225' title='bbox 1856 2452 2028 2482; x_wconf 86' lang='lat' dir='ltr'><strong>necesse</strong></span> 
     </span>
    </p>

    <p class='ocr_par' dir='ltr' id='par_1_9' title="bbox 387 2508 2160 2771">
     <span class='ocr_line' id='line_1_28' title="bbox 442 2508 2160 2565; baseline 0.002 -16"><span class='ocrx_word' id='word_1_226' title='bbox 442 2514 508 2549; x_wconf 89' lang='lat' dir='ltr'><strong>est</strong></span> <span class='ocrx_word' id='word_1_227' title='bbox 532 2514 580 2550; x_wconf 92' lang='lat' dir='ltr'><strong>ut</strong></span> <span class='ocrx_word' id='word_1_228' title='bbox 601 2514 786 2562; x_wconf 89' lang='lat' dir='ltr'><strong>potestas</strong></span> <span class='ocrx_word' id='word_1_229' title='bbox 812 2510 885 2551; x_wconf 89' lang='lat' dir='ltr'><strong>illa</strong></span> <span class='ocrx_word' id='word_1_230' title='bbox 909 2511 1076 2552; x_wconf 86' lang='lat' dir='ltr'><strong>directa</strong></span> <span class='ocrx_word' id='word_1_231' title='bbox 1102 2511 1368 2553; x_wconf 78' lang='lat' dir='ltr'><strong>indirectave</strong></span> <span class='ocrx_word' id='word_1_232' title='bbox 1391 2513 1599 2565; x_wconf 84' lang='lat' dir='ltr'><strong>probetur</strong></span> <span class='ocrx_word' id='word_1_233' title='bbox 1610 2540 2020 2557; x_wconf 87' lang='grc'><strong>.........</strong></span> <span class='ocrx_word' id='word_1_234' title='bbox 2135 2508 2160 2548; x_wconf 82' lang='grc'>5</span> 
     </span>
     <span class='ocr_line' id='line_1_29' title="bbox 387 2577 2026 2634; baseline 0.001 -18"><span class='ocrx_word' id='word_1_235' title='bbox 387 2577 502 2631; x_wconf 80' lang='lat' dir='ltr'><strong>Prop</strong></span> <span class='ocrx_word' id='word_1_236' title='bbox 530 2578 614 2620; x_wconf 69' lang='lat'><em>11⁷⁸.</em></span> <span class='ocrx_word' id='word_1_237' title='bbox 634 2601 687 2608; x_wconf 93' lang='lat'>—</span> <span class='ocrx_word' id='word_1_238' title='bbox 704 2579 923 2632; x_wconf 83' lang='lat' dir='ltr'><strong>Praecipua</strong></span> <span class='ocrx_word' id='word_1_239' title='bbox 952 2585 993 2621; x_wconf 89' lang='lat' dir='ltr'><strong>et</strong></span> <span class='ocrx_word' id='word_1_240' title='bbox 1020 2580 1195 2621; x_wconf 85' lang='lat' dir='ltr'><strong>maximi</strong></span> <span class='ocrx_word' id='word_1_241' title='bbox 1227 2581 1434 2623; x_wconf 89' lang='lat' dir='ltr'><strong>momenti</strong></span> <span class='ocrx_word' id='word_1_242' title='bbox 1463 2580 1640 2634; x_wconf 84' lang='lat' dir='ltr'><strong>quaestio</strong></span> <span class='ocrx_word' id='word_1_243' title='bbox 1664 2584 1728 2622; x_wconf 86' lang='lat' dir='ltr'><strong>est</strong></span> <span class='ocrx_word' id='word_1_244' title='bbox 1755 2591 1811 2620; x_wconf 89' lang='lat' dir='ltr'><strong>an</strong></span> <span class='ocrx_word' id='word_1_245' title='bbox 1842 2579 2026 2619; x_wconf 87' lang='lat' dir='ltr'><strong>Romano</strong></span> 
     </span>
     <span class='ocr_line' id='line_1_30' title="bbox 442 2645 2027 2702; baseline 0.001 -18"><span class='ocrx_word' id='word_1_246' title='bbox 442 2645 637 2687; x_wconf 85' lang='lat' dir='ltr'><strong>Pontifici</strong></span> <span class='ocrx_word' id='word_1_247' title='bbox 667 2647 769 2699; x_wconf 83' lang='lat' dir='ltr'><strong>jure</strong></span> <span class='ocrx_word' id='word_1_248' title='bbox 793 2648 936 2689; x_wconf 83' lang='lat' dir='ltr'><strong>divino</strong></span> <span class='ocrx_word' id='word_1_249' title='bbox 968 2655 1178 2702; x_wconf 87' lang='lat' dir='ltr'><strong>competat</strong></span> <span class='ocrx_word' id='word_1_250' title='bbox 1205 2658 1305 2691; x_wconf 72' lang='lat' dir='ltr'><strong>vera</strong></span> <span class='ocrx_word' id='word_1_251' title='bbox 1335 2655 1521 2702; x_wconf 88' lang='lat' dir='ltr'><strong>potestas</strong></span> <span class='ocrx_word' id='word_1_252' title='bbox 1546 2650 1589 2691; x_wconf 93' lang='lat' dir='ltr'><strong>in</strong></span> <span class='ocrx_word' id='word_1_253' title='bbox 1619 2661 1714 2690; x_wconf 88' lang='lat' dir='ltr'><strong>rem</strong></span> <span class='ocrx_word' id='word_1_254' title='bbox 1748 2647 2027 2699; x_wconf 85' lang='lat' dir='ltr'><strong>temporalem</strong></span> 
     </span>
     <span class='ocr_line' id='line_1_31' title="bbox 444 2715 2028 2771; baseline 0.001 -17"><span class='ocrx_word' id='word_1_255' title='bbox 444 2719 649 2756; x_wconf 87' lang='lat' dir='ltr'><strong>statuum.</strong></span> <span class='ocrx_word' id='word_1_256' title='bbox 670 2715 813 2761; x_wconf 87' lang='lat' dir='ltr'><strong>Qualis</strong></span> <span class='ocrx_word' id='word_1_257' title='bbox 830 2722 974 2758; x_wconf 88' lang='lat' dir='ltr'><strong>autem</strong></span> <span class='ocrx_word' id='word_1_258' title='bbox 997 2719 1091 2759; x_wconf 83' lang='lat' dir='ltr'><strong>haec</strong></span> <span class='ocrx_word' id='word_1_259' title='bbox 1106 2724 1289 2771; x_wconf 90' lang='lat' dir='ltr'><strong>potestas</strong></span> <span class='ocrx_word' id='word_1_260' title='bbox 1306 2719 1376 2767; x_wconf 89' lang='lat' dir='ltr'><strong>sit,</strong></span> <span class='ocrx_word' id='word_1_261' title='bbox 1405 2719 1624 2759; x_wconf 84' lang='lat' dir='ltr'><strong>directane</strong></span> <span class='ocrx_word' id='word_1_262' title='bbox 1644 2730 1698 2758; x_wconf 91' lang='lat' dir='ltr'><strong>an</strong></span> <span class='ocrx_word' id='word_1_263' title='bbox 1718 2716 1938 2764; x_wconf 88' lang='lat' dir='ltr'><strong>indirecta,</strong></span> <span class='ocrx_word' id='word_1_264' title='bbox 1963 2720 2028 2757; x_wconf 90' lang='lat' dir='ltr'><strong>est</strong></span> 
     </span>
    </p>

    <p class='ocr_par' dir='ltr' id='par_1_10' title="bbox 389 2783 2164 2976">
     <span class='ocr_line' id='line_1_32' title="bbox 440 2783 2164 2839; baseline -0.001 -14"><span class='ocrx_word' id='word_1_265' title='bbox 440 2784 694 2825; x_wconf 87' lang='lat' dir='ltr'><strong>secundaria</strong></span> <span class='ocrx_word' id='word_1_266' title='bbox 717 2797 788 2825; x_wconf 92' lang='lat' dir='ltr'><strong>seu</strong></span> <span class='ocrx_word' id='word_1_267' title='bbox 815 2785 997 2827; x_wconf 89' lang='lat' dir='ltr'><strong>minoris</strong></span> <span class='ocrx_word' id='word_1_268' title='bbox 1019 2787 1223 2828; x_wconf 85' lang='lat' dir='ltr'><strong>momenti</strong></span> <span class='ocrx_word' id='word_1_269' title='bbox 1250 2785 1430 2839; x_wconf 85' lang='lat' dir='ltr'><strong>quaestio</strong></span> <span class='ocrx_word' id='word_1_270' title='bbox 1436 2813 2023 2830; x_wconf 90' lang='grc'><strong>............</strong></span> <span class='ocrx_word' id='word_1_271' title='bbox 2139 2783 2164 2823; x_wconf 83' lang='lat'>4</span> 
     </span>
     <span class='ocr_line' id='line_1_33' title="bbox 389 2853 2029 2909; baseline -0.001 -15"><span class='ocrx_word' id='word_1_272' title='bbox 389 2853 520 2906; x_wconf 81' lang='lat' dir='ltr'><strong>Prop.</strong></span> <span class='ocrx_word' id='word_1_273' title='bbox 556 2853 616 2896; x_wconf 65' lang='lat'><strong>17¹.</strong></span> <span class='ocrx_word' id='word_1_274' title='bbox 637 2876 691 2883; x_wconf 93' lang='lat'><strong>—</strong></span> <span class='ocrx_word' id='word_1_275' title='bbox 716 2853 874 2900; x_wconf 84' lang='lat' dir='ltr'><strong>Quibus</strong></span> <span class='ocrx_word' id='word_1_276' title='bbox 889 2855 1155 2909; x_wconf 85' lang='lat' dir='ltr'><strong>argumentis</strong></span> <span class='ocrx_word' id='word_1_277' title='bbox 1168 2855 1368 2896; x_wconf 82' lang='lat' dir='ltr'><strong>Ecclesiae</strong></span> <span class='ocrx_word' id='word_1_278' title='bbox 1389 2855 1639 2896; x_wconf 88' lang='lat' dir='ltr'><strong>vindicatur</strong></span> <span class='ocrx_word' id='word_1_279' title='bbox 1658 2857 1848 2907; x_wconf 88' lang='lat' dir='ltr'><strong>potestas</strong></span> <span class='ocrx_word' id='word_1_280' title='bbox 1864 2853 1910 2893; x_wconf 91' lang='lat' dir='ltr'><strong>in</strong></span> <span class='ocrx_word' id='word_1_281' title='bbox 1934 2863 2029 2893; x_wconf 85' lang='lat' dir='ltr'><strong>rem</strong></span> 
     </span>
     <span class='ocr_line' id='line_1_34' title="bbox 444 2923 2032 2976; baseline 0.001 -13"><span class='ocrx_word' id='word_1_282' title='bbox 444 2923 729 2975; x_wconf 86' lang='lat' dir='ltr'><strong>temporalem</strong></span> <span class='ocrx_word' id='word_1_283' title='bbox 753 2928 961 2974; x_wconf 86' lang='lat' dir='ltr'><strong>statuum,</strong></span> <span class='ocrx_word' id='word_1_284' title='bbox 1001 2925 1154 2967; x_wconf 87' lang='lat' dir='ltr'><strong>iisdem</strong></span> <span class='ocrx_word' id='word_1_285' title='bbox 1177 2931 1220 2966; x_wconf 91' lang='lat' dir='ltr'><strong>et</strong></span> <span class='ocrx_word' id='word_1_286' title='bbox 1243 2926 1432 2967; x_wconf 89' lang='lat' dir='ltr'><strong>Romano</strong></span> <span class='ocrx_word' id='word_1_287' title='bbox 1455 2924 1651 2966; x_wconf 86' lang='lat' dir='ltr'><strong>Pontifici</strong></span> <span class='ocrx_word' id='word_1_288' title='bbox 1673 2924 1823 2966; x_wconf 91' lang='lat' dir='ltr'><strong>eadem</strong></span> <span class='ocrx_word' id='word_1_289' title='bbox 1851 2926 2032 2976; x_wconf 89' lang='lat' dir='ltr'><strong>potestas</strong></span> 
     </span>
    </p>

    <p class='ocr_par' dir='ltr' id='par_1_11' title="bbox 389 2988 2162 3256">
     <span class='ocr_line' id='line_1_35' title="bbox 439 2988 2162 3039; baseline 0.001 -7"><span class='ocrx_word' id='word_1_290' title='bbox 439 2991 690 3033; x_wconf 86' lang='lat' dir='ltr'><strong>vindicatur</strong></span> <span class='ocrx_word' id='word_1_291' title='bbox 701 3023 2021 3039; x_wconf 87' lang='grc'><strong>.........................</strong></span> <span class='ocrx_word' id='word_1_292' title='bbox 2137 2988 2162 3028; x_wconf 90' lang='grc'><strong>6</strong></span> 
     </span>
     <span class='ocr_line' id='line_1_36' title="bbox 389 3060 2030 3117; baseline -0.002 -14"><span class='ocrx_word' id='word_1_293' title='bbox 389 3062 515 3112; x_wconf 80' lang='lat' dir='ltr'><strong>Prop.</strong></span> <span class='ocrx_word' id='word_1_294' title='bbox 558 3062 638 3103; x_wconf 80' lang='lat' dir='ltr'><em>V1=.</em></span> <span class='ocrx_word' id='word_1_295' title='bbox 662 3085 715 3092; x_wconf 91' lang='lat'><em>-</em></span> <span class='ocrx_word' id='word_1_296' title='bbox 742 3062 896 3115; x_wconf 88' lang='lat' dir='ltr'><strong>Opinio</strong></span> <span class='ocrx_word' id='word_1_297' title='bbox 923 3076 1019 3115; x_wconf 88' lang='lat' dir='ltr'><strong>quae</strong></span> <span class='ocrx_word' id='word_1_298' title='bbox 1045 3076 1217 3106; x_wconf 91' lang='lat' dir='ltr'><strong>omnem</strong></span> <span class='ocrx_word' id='word_1_299' title='bbox 1237 3068 1506 3117; x_wconf 85' lang='lat' dir='ltr'><strong>potestatem,</strong></span> <span class='ocrx_word' id='word_1_300' title='bbox 1541 3063 1586 3104; x_wconf 93' lang='lat' dir='ltr'><strong>id</strong></span> <span class='ocrx_word' id='word_1_301' title='bbox 1619 3068 1684 3104; x_wconf 83' lang='lat' dir='ltr'><strong>est</strong></span> <span class='ocrx_word' id='word_1_302' title='bbox 1706 3062 1797 3103; x_wconf 90' lang='lat' dir='ltr'><strong>sive</strong></span> <span class='ocrx_word' id='word_1_303' title='bbox 1821 3060 2030 3102; x_wconf 87' lang='lat' dir='ltr'><strong>directam</strong></span> 
     </span>
     <span class='ocr_line' id='line_1_37' title="bbox 441 3130 2032 3187; baseline 0.001 -18"><span class='ocrx_word' id='word_1_304' title='bbox 441 3130 526 3170; x_wconf 76' lang='lat' dir='ltr'><strong>sive</strong></span> <span class='ocrx_word' id='word_1_305' title='bbox 542 3130 817 3181; x_wconf 72' lang='lat' dir='ltr'><strong>indirectam,</strong></span> <span class='ocrx_word' id='word_1_306' title='bbox 843 3132 887 3173; x_wconf 92' lang='lat' dir='ltr'><strong>in</strong></span> <span class='ocrx_word' id='word_1_307' title='bbox 907 3145 999 3174; x_wconf 90' lang='lat' dir='ltr'><strong>rem</strong></span> <span class='ocrx_word' id='word_1_308' title='bbox 1019 3135 1298 3187; x_wconf 86' lang='lat' dir='ltr'><strong>temporalem</strong></span> <span class='ocrx_word' id='word_1_309' title='bbox 1315 3138 1506 3175; x_wconf 87' lang='lat' dir='ltr'><strong>statuum</strong></span> <span class='ocrx_word' id='word_1_310' title='bbox 1529 3132 1725 3174; x_wconf 84' lang='lat' dir='ltr'><strong>Ecclesiae</strong></span> <span class='ocrx_word' id='word_1_311' title='bbox 1742 3131 1940 3181; x_wconf 85' lang='lat' dir='ltr'><strong>denegat,</strong></span> <span class='ocrx_word' id='word_1_312' title='bbox 1957 3140 2032 3170; x_wconf 87' lang='lat' dir='ltr'><strong>ex-</strong></span> 
     </span>
     <span class='ocr_line' id='line_1_38' title="bbox 437 3199 2030 3256; baseline 0.001 -19"><span class='ocrx_word' id='word_1_313' title='bbox 437 3209 585 3250; x_wconf 90' lang='lat' dir='ltr'><strong>presse</strong></span> <span class='ocrx_word' id='word_1_314' title='bbox 606 3199 807 3240; x_wconf 88' lang='lat' dir='ltr'><strong>damnata</strong></span> <span class='ocrx_word' id='word_1_315' title='bbox 832 3201 916 3242; x_wconf 83' lang='lat' dir='ltr'><strong>ruit</strong></span> <span class='ocrx_word' id='word_1_316' title='bbox 946 3214 966 3246; x_wconf 91' lang='lat' dir='ltr'><strong>a</strong></span> <span class='ocrx_word' id='word_1_317' title='bbox 994 3202 1067 3243; x_wconf 90' lang='lat' dir='ltr'><strong>Pio</strong></span> <span class='ocrx_word' id='word_1_318' title='bbox 1094 3203 1207 3256; x_wconf 86' lang='lat' dir='ltr'><strong>Papa</strong></span> <span class='ocrx_word' id='word_1_319' title='bbox 1226 3203 1293 3255; x_wconf 84' lang='lat' dir='ltr'><strong>IX,</strong></span> <span class='ocrx_word' id='word_1_320' title='bbox 1323 3203 1367 3244; x_wconf 93' lang='lat' dir='ltr'><strong>in</strong></span> <span class='ocrx_word' id='word_1_321' title='bbox 1393 3201 1512 3244; x_wconf 89' lang='lat' dir='ltr'><strong>bulla</strong></span> <span class='ocrx_word' id='word_1_322' title='bbox 1536 3200 1705 3251; x_wconf 82' lang='lat' dir='ltr'><strong>Quanta</strong></span> <span class='ocrx_word' id='word_1_323' title='bbox 1730 3211 1851 3248; x_wconf 85' lang='lat' dir='ltr'><strong>cura,</strong></span> <span class='ocrx_word' id='word_1_324' title='bbox 1870 3208 2030 3251; x_wconf 87' lang='lat' dir='ltr'><strong>propo-—</strong></span> 
     </span>
    </p>

    <p class='ocr_par' dir='ltr' id='par_1_12' title="bbox 228 3264 2164 3388">
     <span class='ocr_line' id='line_1_39' title="bbox 441 3264 2164 3320; baseline 0 -12"><span class='ocrx_word' id='word_1_325' title='bbox 441 3265 600 3308; x_wconf 90' lang='lat' dir='ltr'><strong>sitione</strong></span> <span class='ocrx_word' id='word_1_326' title='bbox 625 3266 678 3307; x_wconf 71' lang='lat'><strong>24</strong></span> <span class='ocrx_word' id='word_1_327' title='bbox 710 3269 869 3320; x_wconf 78' lang='lat' dir='ltr'><strong>Syllabi</strong></span> <span class='ocrx_word' id='word_1_328' title='bbox 877 3299 2022 3316; x_wconf 90' lang='grc'><strong>......................</strong></span> <span class='ocrx_word' id='word_1_329' title='bbox 2139 3264 2164 3304; x_wconf 89' lang='grc'><strong>6</strong></span> 
     </span>
     <span class='ocr_line' id='line_1_40' title="bbox 228 3333 2029 3388; baseline -0.001 -11"><span class='ocrx_word' id='word_1_330' title='bbox 228 3333 400 3378; x_wconf 83' lang='lat' dir='ltr'>SECTIO</span> <span class='ocrx_word' id='word_1_331' title='bbox 427 3335 461 3378; x_wconf 93' lang='lat'><strong>1.</strong></span> <span class='ocrx_word' id='word_1_332' title='bbox 479 3358 532 3366; x_wconf 94' lang='lat'><strong>—</strong></span> <span class='ocrx_word' id='word_1_333' title='bbox 562 3336 883 3388; x_wconf 82' lang='lat' dir='ltr'><strong>Argumentum</strong></span> <span class='ocrx_word' id='word_1_334' title='bbox 900 3350 949 3380; x_wconf 86' lang='lat' dir='ltr'><strong>ex</strong></span> <span class='ocrx_word' id='word_1_335' title='bbox 961 3339 1159 3383; x_wconf 88' lang='lat' dir='ltr'><strong>unanimi</strong></span> <span class='ocrx_word' id='word_1_336' title='bbox 1183 3351 1394 3382; x_wconf 87' lang='lat' dir='ltr'><strong>consensu</strong></span> <span class='ocrx_word' id='word_1_337' title='bbox 1411 3339 1637 3380; x_wconf 87' lang='lat' dir='ltr'><strong>doctorum</strong></span> <span class='ocrx_word' id='word_1_338' title='bbox 1659 3337 1981 3386; x_wconf 79' lang='lat' dir='ltr'><strong>catholicorum,</strong></span> <span class='ocrx_word' id='word_1_339' title='bbox 2005 3347 2029 3375; x_wconf 89' lang='lat' dir='ltr'><strong>a</strong></span> 
     </span>
    </p>

    <p class='ocr_par' dir='ltr' id='par_1_13' title="bbox 287 3400 2162 3525">
     <span class='ocr_line' id='line_1_41' title="bbox 287 3400 2162 3460; baseline -0.002 -16"><span class='ocrx_word' id='word_1_340' title='bbox 287 3408 306 3443; x_wconf 91' lang='lat' dir='ltr'><strong>t</strong></span> <span class='ocrx_word' id='word_1_341' title='bbox 319 3414 491 3456; x_wconf 85' lang='lat' dir='ltr'><strong>empore</strong></span> <span class='ocrx_word' id='word_1_342' title='bbox 508 3404 647 3453; x_wconf 88' lang='lat' dir='ltr'><strong>sancti</strong></span> <span class='ocrx_word' id='word_1_343' title='bbox 663 3404 883 3455; x_wconf 68' lang='lat' dir='ltr'><strong>nei-nardi,</strong></span> <span class='ocrx_word' id='word_1_344' title='bbox 904 3417 979 3447; x_wconf 90' lang='lat' dir='ltr'><strong>seu</strong></span> <span class='ocrx_word' id='word_1_345' title='bbox 999 3419 1023 3447; x_wconf 89' lang='lat' dir='ltr'><strong>a</strong></span> <span class='ocrx_word' id='word_1_346' title='bbox 1040 3407 1296 3449; x_wconf 90' lang='lat' dir='ltr'><strong>duodecimo</strong></span> <span class='ocrx_word' id='word_1_347' title='bbox 1310 3409 1481 3457; x_wconf 87' lang='lat' dir='ltr'><strong>saeculo,</strong></span> <span class='ocrx_word' id='word_1_348' title='bbox 1498 3419 1634 3460; x_wconf 89' lang='lat' dir='ltr'><strong>usque</strong></span> <span class='ocrx_word' id='word_1_349' title='bbox 1655 3407 1707 3448; x_wconf 87' lang='lat' dir='ltr'><strong>ad</strong></span> <span class='ocrx_word' id='word_1_350' title='bbox 1727 3417 1886 3446; x_wconf 83' lang='lat' dir='ltr'><strong>annum</strong></span> <span class='ocrx_word' id='word_1_351' title='bbox 1909 3403 2029 3444; x_wconf 81' lang='lat'><strong>1626.</strong></span> <span class='ocrx_word' id='word_1_352' title='bbox 2141 3400 2162 3440; x_wconf 88' lang='lat'><strong>7</strong></span> 
     </span>
     <span class='ocr_line' id='line_1_42' title="bbox 335 3471 2031 3525; baseline 0.001 -13"><span class='ocrx_word' id='word_1_353' title='bbox 335 3472 360 3525; x_wconf 69' lang='lat' dir='ltr'>S</span> <span class='ocrx_word' id='word_1_354' title='bbox 415 3471 453 3513; x_wconf 80' lang='grc'><strong>1.</strong></span> <span class='ocrx_word' id='word_1_355' title='bbox 479 3496 534 3504; x_wconf 89' lang='grc'>-</span> <span class='ocrx_word' id='word_1_356' title='bbox 550 3472 751 3515; x_wconf 89' lang='lat' dir='ltr'><strong>Doctrina</strong></span> <span class='ocrx_word' id='word_1_357' title='bbox 777 3475 914 3517; x_wconf 86' lang='lat' dir='ltr'><strong>sancti</strong></span> <span class='ocrx_word' id='word_1_358' title='bbox 931 3475 1152 3517; x_wconf 90' lang='lat' dir='ltr'><strong>Bernardi.</strong></span> <span class='ocrx_word' id='word_1_359' title='bbox 1171 3477 1387 3519; x_wconf 90' lang='lat' dir='ltr'><strong>-Inanes</strong></span> <span class='ocrx_word' id='word_1_360' title='bbox 1411 3476 1618 3519; x_wconf 88' lang='lat' dir='ltr'><strong>Bossuetii</strong></span> <span class='ocrx_word' id='word_1_361' title='bbox 1639 3480 1750 3518; x_wconf 87' lang='lat' dir='ltr'><strong>artes</strong></span> <span class='ocrx_word' id='word_1_362' title='bbox 1777 3474 1830 3515; x_wconf 89' lang='lat' dir='ltr'><strong>ad</strong></span> <span class='ocrx_word' id='word_1_363' title='bbox 1855 3472 2031 3515; x_wconf 89' lang='lat' dir='ltr'><strong>eluden-</strong></span> 
     </span>
    </p>

    <p class='ocr_par' dir='ltr' id='par_1_14' title="bbox 389 3531 2159 3591">
     <span class='ocr_line' id='line_1_43' title="bbox 389 3531 2159 3591; baseline 0.001 -12"><span class='ocrx_word' id='word_1_364' title='bbox 389 3538 487 3579; x_wconf 84' lang='lat' dir='ltr'><strong>dam</strong></span> <span class='ocrx_word' id='word_1_365' title='bbox 516 3538 612 3591; x_wconf 78' lang='lat' dir='ltr'><strong>eJ‘us</strong></span> <span class='ocrx_word' id='word_1_366' title='bbox 643 3534 945 3582; x_wconf 86' lang='lat' dir='ltr'><strong>auctoritatem</strong></span> <span class='ocrx_word' id='word_1_367' title='bbox 955 3569 2020 3587; x_wconf 87' lang='grc'><strong>.....................</strong></span> <span class='ocrx_word' id='word_1_368' title='bbox 2137 3531 2159 3573; x_wconf 72' lang='grc' dir='ltr'><strong><em>Ἰ</em></strong></span> 
     </span>
    </p>

    <p class='ocr_par' dir='ltr' id='par_1_15' title="bbox 336 3601 2160 3665">
     <span class='ocr_line' id='line_1_44' title="bbox 336 3601 2160 3665; baseline 0.001 -18"><span class='ocrx_word' id='word_1_369' title='bbox 336 3608 361 3660; x_wconf 71' lang='lat'>5</span> <span class='ocrx_word' id='word_1_370' title='bbox 408 3606 448 3648; x_wconf 80' lang='lat'><strong>2.</strong></span> <span class='ocrx_word' id='word_1_371' title='bbox 481 3629 530 3638; x_wconf 92' lang='lat'>—</span> <span class='ocrx_word' id='word_1_372' title='bbox 558 3607 762 3649; x_wconf 83' lang='lat' dir='ltr'><strong>Doctrina</strong></span> <span class='ocrx_word' id='word_1_373' title='bbox 788 3608 903 3651; x_wconf 84' lang='lat' dir='ltr'><strong>Petri</strong></span> <span class='ocrx_word' id='word_1_374' title='bbox 925 3609 1224 3662; x_wconf 82' lang='lat' dir='ltr'><strong>cluniacensis,</strong></span> <span class='ocrx_word' id='word_1_375' title='bbox 1247 3611 1322 3665; x_wconf 90' lang='lat' dir='ltr'><strong>qui</strong></span> <span class='ocrx_word' id='word_1_376' title='bbox 1344 3610 1448 3652; x_wconf 88' lang='lat' dir='ltr'><strong>obiit</strong></span> <span class='ocrx_word' id='word_1_377' title='bbox 1463 3622 1576 3651; x_wconf 87' lang='lat' dir='ltr'><strong>anno</strong></span> <span class='ocrx_word' id='word_1_378' title='bbox 1601 3609 1705 3650; x_wconf 84' lang='lat'>1156</span> <span class='ocrx_word' id='word_1_379' title='bbox 1721 3638 2019 3651; x_wconf 91' lang='grc'><strong>.......</strong></span> <span class='ocrx_word' id='word_1_380' title='bbox 2109 3601 2160 3643; x_wconf 84' lang='grc'><strong>17</strong></span> 
     </span>
    </p>

    <p class='ocr_par' dir='ltr' id='par_1_16' title="bbox 337 3668 2160 3734">
     <span class='ocr_line' id='line_1_45' title="bbox 337 3668 2160 3734; baseline 0.002 -18"><span class='ocrx_word' id='word_1_381' title='bbox 337 3676 363 3729; x_wconf 69' lang='lat' dir='ltr'><strong>g</strong></span> <span class='ocrx_word' id='word_1_382' title='bbox 418 3675 459 3717; x_wconf 77' lang='lat'><strong>5.</strong></span> <span class='ocrx_word' id='word_1_383' title='bbox 485 3699 542 3713; x_wconf 53' lang='grc' dir='ltr'><strong>--ε</strong></span> <span class='ocrx_word' id='word_1_384' title='bbox 568 3677 765 3720; x_wconf 88' lang='lat' dir='ltr'><strong>Doctrina</strong></span> <span class='ocrx_word' id='word_1_385' title='bbox 793 3678 908 3720; x_wconf 86' lang='lat' dir='ltr'><strong>Petri</strong></span> <span class='ocrx_word' id='word_1_386' title='bbox 929 3679 1154 3731; x_wconf 89' lang='lat' dir='ltr'><strong>Blesensis‚</strong></span> <span class='ocrx_word' id='word_1_387' title='bbox 1181 3681 1257 3734; x_wconf 89' lang='lat' dir='ltr'><strong>qui</strong></span> <span class='ocrx_word' id='word_1_388' title='bbox 1283 3679 1389 3722; x_wconf 83' lang='lat' dir='ltr'><strong>obiit</strong></span> <span class='ocrx_word' id='word_1_389' title='bbox 1409 3691 1520 3722; x_wconf 90' lang='lat' dir='ltr'><strong>anno</strong></span> <span class='ocrx_word' id='word_1_390' title='bbox 1545 3677 1670 3722; x_wconf 73' lang='lat'><strong>1200.</strong></span> <span class='ocrx_word' id='word_1_391' title='bbox 1687 3712 1697 3722; x_wconf 93' lang='lat'>.</span> <span class='ocrx_word' id='word_1_392' title='bbox 1742 3708 1751 3721; x_wconf 79' lang='lat'><strong>.-</strong></span> <span class='ocrx_word' id='word_1_393' title='bbox 1797 3705 2013 3720; x_wconf 51' lang='lat'><strong><em>.....</em></strong></span> <span class='ocrx_word' id='word_1_394' title='bbox 2108 3668 2160 3711; x_wconf 84' lang='lat'><strong>18</strong></span> 
     </span>
    </p>
   </div>
   <div class='ocr_carea' id='block_1_7' title="bbox 2242 0 2340 1654">
    <p class='ocr_par' dir='ltr' id='par_1_17' title="bbox 2242 0 2340 1654">
     <span class='ocr_line' id='line_1_46' title="bbox 2242 0 2340 1654; baseline 0 0"><span class='ocrx_word' id='word_1_395' title='bbox 2242 0 2340 1654; x_wconf 95' lang='lat' dir='ltr'><strong> </strong></span> 
     </span>
    </p>
   </div>
  </div>
 </body>
</html>
