2340 4062
889 314 1018 363 mas
1043 312 1261 367 QUARTA.
1535 280 1537 284 ⁴
1957 307 2015 354 89

150 433 288 488 hanc
311 425 733 485 Protestantium
769 419 1130 495 objectionem
1155 439 1166 472 ι
1197 416 1432 487 Theoloqi
1459 412 1648 471 scholae
1674 429 1850 468 omnes
1874 430 2016 468 asse·

149 547 298 586 mere
334 526 736 587 matrimonium,
764 521 917 576 etiam
955 519 1068 572 sine
1107 516 1350 572 Ecclesiae
1385 514 1619 569 ministro
1661 517 2011 583 contractum,

150 645 260 682 esse
292 643 408 680 vere
445 640 505 679 ac
535 620 745 694 proprie
780 632 923 671 novae
952 613 1077 683 leqis
1107 619 1519 674 sacramentum;
1564 616 1618 666 at
1646 611 1748 665 haec
1785 609 2015 664 omnium

152 722 430 777 communis
471 716 724 773 sententia
762 729 868 766 non
898 708 1064 763 solum
1094 726 1201 762 non
1225 709 1353 780 facit
1385 714 1576 762 certam
1612 706 1788 778 fidem,
1831 704 1922 760 sed
1948 720 2016 758 ne

146 818 421 891 probabilis
448 814 645 887 quidem
672 810 872 866 videtur
888 824 998 862 esse
1013 826 1030 868 ;
1055 807 1110 859 in
1133 805 1279 860 nulla
1305 807 1461 876 iqitur
1485 823 1542 860 re
1565 805 1672 860 alia
1701 803 1884 859 scholae
1913 810 2014 858 tes·
2092 808 2095 811 ’

153 916 417 971 timonium
453 917 642 967 certum
676 908 773 962 erit
805 904 925 978 (lib.
966 902 1091 967 vlu,
1123 918 1242 974 cap.
1280 902 1376 971 ιιι).
1411 902 1547 957 Huic
1571 900 1863 976 objectioni
1897 917 2014 957 res-

152 1008 349 1082 pondet
373 1002 623 1061 Melchior
647 1002 820 1056 Canus
845 1021 856 1054 :
885 999 1024 1070 Neqo
1045 998 1234 1053 scholae
1259 1004 1396 1052 certo
1425 999 1780 1068 constantique
1809 997 2012 1052 decreto

149 1106 366 1176 linitum,
406 1100 789 1155 matrimonium
823 1099 935 1151 sine
975 1095 1211 1150 Ecclesiae
1255 1095 1493 1149 ministro
1537 1100 1859 1147 contractum
1892 1110 2003 1147 esse

150 1218 264 1256 vere
285 1217 344 1254 ac
363 1200 572 1270 proprie
602 1201 1000 1251 sacramentum.
1026 1193 1090 1249 Ut
1128 1197 1314 1247 autem
1341 1190 1532 1264 probet
1551 1207 1661 1244 non
1683 1189 1877 1245 adesse
1906 1208 2012 1244 cer-

147 1304 250 1351 tum
282 1303 619 1366 constansque
651 1293 832 1348 scholae
855 1292 1111 1346 decretum
1143 1307 1239 1345 seu
1257 1290 1526 1361 judicium,
1560 1287 1700 1341 hanc
1724 1285 1998 1340 rationem

143 1392 335 1464 allegat
366 1412 376 1445 :
409 1390 538 1457 Quia
565 1391 627 1444 cle
662 1392 753 1444 hac
779 1407 836 1443 re
863 1388 1079 1458 theoloqi
1111 1386 1342 1441 videlicet
1368 1388 1443 1440 ita
1476 1385 1756 1447 disserunt,
1786 1390 1844 1436 ut
1870 1383 1999 1436 nihil

143 1492 317 1560 [inisse
349 1489 475 1543 velle
512 1488 798 1542 videantur.
837 1486 966 1556 Leqe
1000 1484 1322 1555 Maqistrum‚
1357 1484 1528 1537 divum
1573 1481 1835 1545 Thomam,
1879 1479 2002 1535 Sco-

149 1592 321 1639 tum...
359 1591 666 1654 caeterosque
702 1582 889 1636 scholae
923 1581 1216 1650 theoloqos,·
1245 1588 1293 1634 et
1327 1581 1426 1633 nisi
1451 1580 1627 1633 statim
1660 1595 1837 1632 eorum
1869 1594 2002 1650 pen-

148 1680 339 1734 dentes
381 1698 439 1733 ac
468 1679 780 1733 vacillantes
809 1680 1005 1732 animos
1046 1677 1456 1748 deprehenderis,
1505 1683 1610 1729 tum
1639 1692 1758 1729 vero
1802 1692 1883 1728 me
1916 1682 2006 1728 aut

146 1776 356 1829 stultum
375 1784 462 1828 aut
493 1778 815 1828 temerarium
847 1775 1102 1843 judicato.
1135 1774 1308 1845 Igitur
1338 1772 1614 1828 existimat
1638 1771 1895 1827 Melchior
1921 1770 2014 1826 Ca-

149 1887 254 1923 nus
289 1871 481 1924 adesse
519 1878 706 1923 certum
750 1876 1085 1939 constansque
1103 1869 1376 1938 judicium,
1416 1869 1520 1922 hoe
1553 1869 1669 1941 ipso
1696 1868 1844 1940 quod
1869 1867 2011 1922 nihil

149 1968 366 2021 denotet
388 1968 694 2037 pendentem
723 1984 782 2020 ac
812 1965 1136 2020 vacillantem
1169 1968 1414 2020 animum.
1447 1965 1715 2038 Equidem
1746 1965 1890 2021 inter
1914 1983 2012 2020 no-

144 2069 225 2117 tas
271 2080 365 2116 scu
410 2063 678 2117 formulas
715 2081 834 2135 quae
872 2064 1167 2117 excludunt
1207 2062 1535 2117 vacillantem
1572 2066 1819 2128 animum,
1858 2063 2012 2137 ponit

142 2159 318 2232 primo
355 2159 472 2214 loco
517 2178 785 2213 censuram
821 2160 1107 2214 contrariae
1144 2161 1430 2215 sententiae
1462 2167 1725 2232 tanquam
1765 2163 2016 2216 haereticae

140 2257 222 2312 vel
249 2275 507 2318 erroneae;
537 2258 631 2312 sed
667 2257 833 2312 simul
862 2257 1102 2312 admittit
1133 2257 1251 2311 dari
1284 2259 1416 2313 alias
1450 2259 1722 2329 ejusmodi
1748 2269 1929 2325 notaS‚
1959 2260 2013 2315 id

139 2359 238 2420 est,
268 2353 551 2418 formulas,
587 2372 705 2426 quae
740 2363 930 2408 certum
967 2363 1306 2425 constansque
1332 2357 1584 2426 judicium
1610 2357 1894 2413 denotent.
1927 2357 2012 2413 Sic

139 2451 285 2505 enirn
318 2452 601 2523 subjungit
623 2473 632 2506 :
655 2452 855 2507 Etenim
879 2470 971 2506 nec
996 2454 1306 2507 sententiam
1324 2454 1595 2508 adversam
1626 2456 1845 2527 (nempe
1863 2456 2011 2527 quod

139 2549 390 2604 sacerdos
416 2550 484 2604 sit
511 2549 764 2604 minister
804 2550 1132 2604 sacramenti
1164 2551 1521 2622 matrimonii)
1551 2554 1845 2607 haereticam
1871 2572 2015 2608 erro-

139 2658 344 2695 neamve
376 2643 640 2706 (laertium
669 2662 761 2699 nec
796 2646 930 2715 quod
966 2646 1227 2724 dixerunt,
1258 2647 1310 2700 id
1340 2650 1558 2718 firmiter
1606 2649 1870 2703 catholicis
1898 2669 2007 2704 am-

134 2738 486 2808 plectendum3
513 2742 728 2796 breviter
758 2742 954 2797 nullam
990 2751 1168 2797 notam
1199 2744 1295 2815 (ibi
1318 2762 1420 2799 vox
1444 2753 1569 2800 nota
1591 2745 1863 2818 significat
1895 2747 2010 2819 sig—

131 2851 287 2899 num,
302 2853 409 2890 non
426 2843 610 2893 autem
632 2847 924 2895 censuram
943 2841 1323 2914 theologicam)
1338 2845 1689 2915 interposuere
1705 2863 1886 2900 earum
1900 2865 2011 2917 quae

131 2940 269 2986 certa
286 2938 673 3007 consumuntque
681 2937 879 3007 judicia
905 2940 1134 2994 indicare
1149 2941 1315 2995 solent
1345 2942 1429 3012 (de
1444 2942 1591 2997 Locis
1621 2943 1799 3007 theol.‚
1821 2943 2001 3006 l.V111‚

130 3044 245 3099 cap.
277 3031 350 3100 v).
393 3031 466 3085 Ibi
505 3032 656 3088 vides
686 3034 874 3089 haberi
909 3053 936 3089 a
968 3036 1257 3092 Melchiore
1291 3038 1429 3093 Cano
1466 3058 1565 3112 pro
1599 3047 1723 3094 nota
1761 3049 2004 3095 constans

123 3124 369 3192 judicium
404 3119 679 3186 indicante
721 3132 1014 3188 formulam
1050 3136 1209 3200 hane,
1243 3139 1459 3207 firmiter
1489 3139 1750 3193 catholicis
1780 3139 2004 3210 amplec-

134 3221 353 3286 tendum,
389 3242 504 3296 quse
529 3245 658 3282 sane
696 3247 807 3283 non
835 3236 917 3284 est
942 3248 1178 3286 censura
1215 3233 1544 3304 theologica.
1583 3235 1756 3306 Atque
1794 3235 1997 3289 ibidem

133 3319 383 3388 supponit
410 3321 524 3378 dari
550 3343 712 3397 posse
736 3326 871 3382 alias
899 3336 1055 3384 notas
1082 3347 1178 3385 seu
1206 3331 1474 3387 formulas
1500 3350 1620 3404 quae
1641 3341 1882 3387 constans
1905 3333 1994 3401 ju-

133 3410 316 3467 dicium
350 3419 696 3476 manifestum
738 3424 965 3489 saciant,
1007 3426 1051 3480 si
1083 3426 1304 3499 quidem
1333 3428 1514 3484 addit:
1545 3430 1761 3483 breviter
1799 3427 1993 3481 nullam

130 3515 303 3562 notam
337 3513 680 3585 interposuere
706 3538 883 3576 earum
916 3540 1025 3594 quae
1057 3532 1196 3580 certa
1230 3528 1620 3597 constantiaque
1635 3526 1831 3596 judicia
1857 3522 1992 3575 incli-

130 3620 247 3657 care
262 3605 445 3661 solent.
