2340 4062
911 282 1039 330 PARS
1067 270 1300 335 QUARTA?
1942 278 2023 323 101

170 401 285 451 tum
313 391 443 448 alibi
467 394 778 464 grassantes
804 392 1134 444 coercerent.
1170 386 1324 442 llunc
1349 384 1407 440 in
1429 383 1597 439 finem
1621 380 1911 439 ediderunt
1939 401 2028 439 ca-

170 508 368 547 nonem
397 490 491 557 27,
519 490 580 544 de
611 487 873 544 Haereticis
901 483 1253 558 inscriptum,
1283 481 1376 556 qui
1403 481 1480 537 sic
1504 478 1783 537 exorditur
1814 501 1826 533 ε

243 611 270 641 «
306 589 456 644 Sicut
480 587 555 642 ait
589 586 781 642 Beatus
824 582 940 650 Leo,
969 581 1093 638 licet
1119 581 1483 638 ecclesiastica
1512 579 1826 653 disciplina,
1854 595 2030 634 saeer-

166 686 331 742 dotali
357 689 602 741 contenta
622 678 851 754 judicie,
876 684 1128 748 cruentas
1157 696 1264 733 non
1294 677 1491 735 efficiat
1515 676 1772 748 ultioneS,
1798 675 2027 732 catholi-

165 800 354 838 corum
386 787 563 837 tamen
597 776 908 851 principum
935 774 1419 831 constitutionibus
1445 774 1753 849 adjuvatur,
1787 779 1849 829 ut
1888 791 2029 848 saepe

165 883 412 951 quaerant
446 874 695 934 homines
734 872 972 928 salutare
1009 871 1338 940 remedium,
1382 872 1512 927 dum
1551 872 1831 946 corporale
1865 889 2030 944 super

163 993 219 1032 se
256 978 507 1030 metuunt
549 970 763 1027 evenire
788 968 1140 1042 supplicium.
1168 990 1194 1020 »
1239 968 1496 1040 (Concilia
1525 969 1716 1037 Mansi,
1749 975 1895 1024 tomo
1919 968 2026 1036 XX,

163 1071 264 1127 col.
303 1069 454 1141 232.)
494 1068 630 1123 Turn
671 1065 1061 1140 pronuntiatur
1088 1065 1583 1121 excommunicatio
1620 1066 1676 1120 in
1714 1065 2020 1128 haeretic05‚

165 1183 370 1222 necnon
396 1164 451 1220 in
477 1181 567 1220 eos
595 1163 686 1237 qui
712 1162 846 1236 ipsis
871 1162 1139 1219 auxilium
1170 1168 1262 1217 aut
1289 1162 1524 1217 favorem
1544 1166 1821 1235 praestant.
1841 1163 2024 1217 Postea

158 1260 486 1329 decernitur,
534 1259 740 1327 fideleS,
771 1258 864 1331 qui
905 1266 1030 1313 sunt
1073 1257 1176 1313 sub
1210 1257 1414 1312 ditione
1456 1257 1836 1313 baereticorum
1883 1257 2024 1327 ejus-

161 1356 329 1426 modi,
352 1356 555 1411 liberos
587 1356 701 1410 fore
728 1356 793 1410 ab
814 1355 964 1410 omni
991 1354 1175 1410 debito
1195 1354 1470 1410 fidelitatis
1499 1375 1509 1406 :
1543 1355 1824 1409 Relaaeatos
1850 1361 2020 1409 autem

157 1473 211 1508 se
241 1455 472 1508 noverint
506 1472 536 1507 α
562 1454 725 1506 debito
750 1453 1014 1523 fidelitatis
1042 1459 1089 1506 et
1115 1454 1347 1516 hominii,
1386 1470 1445 1506 ac
1480 1454 1633 1507 totius
1658 1453 1902 1523 obsequii,
1927 1452 2015 1505 do-

162 1570 248 1606 nec
277 1555 327 1606 in
354 1560 497 1606 tanta
523 1531 800 1622 iniquitate
809 1553 1205 1622 permanserint,
1227 1536 1527 1623 quicumque
1552 1551 1651 1604 illis
1670 1551 1840 1622 aliquo
1855 1557 2009 1621 pacto

165 1655 397 1701 tenentur
422 1650 627 1702 (innexi.
650 1646 712 1702 Et
735 1647 951 1703 tandem
968 1654 1156 1703 contra
1185 1647 1446 1720 ipsosmet
1470 1647 1749 1703 haereticos
1776 1664 2020 1721 pronun,-

167 1741 327 1796 tiatur
360 1741 664 1796 confiscatio
694 1742 988 1812 bonorum,
1016 1749 1067 1797 et
1092 1743 1328 1798 liberum
1367 1742 1707 1816 Principibus
1738 1729 2014 1797 catholicis

163 1838 495 1905 decernitur,
527 1845 584 1893 ut
612 1857 701 1893 eos
728 1838 784 1892 in
808 1839 1120 1895 servitutem
1145 1840 1394 1912 redigant
1416 1862 1428 1894 t
1462 1840 1815 1911 Consiscentur
1839 1858 2009 1894 eorum

162 1935 310 1997 bona,
340 1943 387 1988 et
407 1935 616 1988 liberum
639 1937 704 1988 sit
728 1935 1047 2006 Principibus
1069 1936 1351 2007 hujusmodi
1377 1935 1600 1989 homines
1626 1937 1884 2007 subjacere
1907 1954 2014 1990 ser-

162 2032 323 2084 vituti.
352 2029 470 2084 llaec
495 2049 698 2086 canone
724 2032 814 2086 27.

233 2125 284 2179 2.
329 2125 541 2182 Canone
568 2145 694 2183 vero
724 2130 814 2193 24,
846 2129 1157 2185 decernitur
1182 2130 1386 2203 pariter
1409 2131 1681 2186 bonorum
1707 2130 2016 2185 confiscatio

157 2222 213 2277 in
237 2239 328 2277 eos
352 2222 444 2295 qui
469 2223 782 2280 Sarracenis
816 2244 966 2280 arma
998 2234 1255 2298 praestant
1276 2229 1359 2283 vel
1395 2229 1555 2283 aliter
1577 2229 1935 2298 auxiliantur,
1964 2236 2016 2285 ct

155 2316 393 2374 liberum
421 2319 477 2374 fit
508 2321 640 2375 tales
665 2321 988 2377 auxiliantes
1013 2340 1204 2395 capere
1222 2331 1272 2378 et
1303 2324 1360 2378 in
1392 2325 1706 2380 servitutem
1736 2325 2012 2397 redigere:

161 2416 303 2471 Tales
334 2419 486 2487 iqitur
517 2436 548 2471 α
589 2421 935 2474 communione
973 2420 1207 2475 Ecclesiae
1246 2424 1562 2493 praecisos...
1605 2440 1776 2498 rernm
1801 2441 2012 2477 suarum

153 2531 244 2584 per
285 2515 451 2569 saeciili
484 2518 742 2587 principes
778 2518 1051 2572 catholicos
1091 2527 1139 2573 et
1171 2520 1402 2574 consules
1429 2522 1689 2575 civitatum
1721 2514 1984 2592 priuation

158 2608 379 2671 multari,
400 2617 448 2664 et
481 2614 784 2682 capientium
806 2631 1000 2679 servae,
1021 2617 1066 2669 si
1095 2618 1231 2687 capti
1254 2618 1471 2688 fuerint,
1498 2619 1612 2690 fore
1636 2634 1916 2672 censemus

230 2703 281 2757 5.
323 2704 558 2760 Tandem
590 2725 794 2764 canone
825 2710 917 2780 221,
946 2710 1279 2767 bellantibus
1307 2712 1653 2786 Principibus
1689 2719 1742 2768 et
1766 2713 2001 2769 exerciti·

156 2798 255 2852 bus
286 2806 532 2871 treityain,
569 2803 622 2857 id
648 2808 745 2875 est,
784 2804 852 2860 ab
878 2806 1028 2861 omni
1063 2807 1246 2863 hostili
1283 2814 1407 2864 actu
1434 2810 1813 2879 cessationem,
1851 2810 2012 2865 certis

151 2894 479 2967 quibusdam
523 2899 713 2956 diebus
750 2902 1102 2960 hebdomada}
1130 2911 1184 2961 et
1222 2907 1351 2961 anni
1382 2908 1740 2981 temporibus,
1770 2909 2013 2983 praecipit.

153 2990 233 3047 his
258 2993 434 3050 verbis
466 3015 476 3048 :
510 2997 729 3068 Treuqas
759 3018 790 3053 α
815 3009 999 3071 quarta
1030 3004 1159 3074 seria
1183 3012 1302 3074 post
1339 3022 1572 3060 occasum
1604 3007 1727 3060 solis
1756 3025 1915 3078 usquc
1946 3008 2013 3061 acl

150 3088 421 3143 secundam
450 3092 632 3162 feriam
652 3094 704 3147 in
733 3103 845 3149 ortu
872 3096 1065 3152 soliS...
1095 3099 1156 3152 ab
1183 3101 1413 3156 omnibus
1451 3102 1810 3156 inviolabiliter
1836 3105 2015 3157 obser·
2081 3167 2085 3171 ,

154 3197 259 3238 vari
276 3189 619 3259 praecipimus.

229 3279 277 3333 4.
306 3282 421 3338 Jam
446 3303 570 3341 vero
600 3287 747 3343 citati
774 3307 1010 3348 canones
1037 3293 1233 3351 invicte
1254 3296 1510 3369 probant,
1536 3298 1833 3353 concilium
1863 3316 2010 3352 oecu-

158 3373 424 3432 menicum
449 3383 574 3436 anni
595 3383 759 3458 1179,
784 3386 887 3442 sibi
907 3394 1230 3461 potestatem
1256 3393 1615 3468 adscripsisse
1641 3395 1699 3450 in
1728 3412 1845 3450 rem
1876 3399 2015 3446 tein-

154 3470 392 3542 poralem
418 3480 674 3537 statuum.
703 3483 837 3539 Nam
871 3485 965 3540 ille
991 3486 1097 3541 sibi
1134 3490 1406 3561 ejusmodi
1435 3497 1756 3565 potestatem
1796 3490 1848 3543 in
1881 3494 2040 3558 tem·¹
2090 3500 2094 3503 ’

153 3569 353 3638 poralia
380 3571 590 3647 tribuit,
621 3580 714 3651 qui
734 3582 982 3639 subditos
1004 3585 1240 3659 alicujus
1263 3588 1528 3662 principis
1548 3589 1752 3643 liberos
1770 3585 2018 3640 decernit
