2352 4126
759 717 1340 824 TRAc-TATUS

425 1001 803 1252 DE
948 993 1683 1183 PAPA

776 1824 1105 1912 PARS
1196 1824 1322 1910 IV

214 2083 483 2151 ROMANO
523 2085 839 2153 PONTIFIGI
882 2085 1268 2152 VINDICATUR
1310 2086 1632 2153 POTESTAS
1676 2088 1740 2153 lN
1782 2088 1912 2154 REll

458 2196 896 2265 TEMPORALEM
935 2198 1327 2265 SOGIETATUM
1368 2198 1656 2265 ClVlLlUM

187 2491 386 2548 Praevia
414 2491 811 2566 disceptatione
831 2498 1038 2548 statum
1061 2493 1386 2565 quaestionis
1404 2493 1918 2559 determinabimus3
1947 2494 2007 2549 in

117 2588 262 2643 hunc
287 2588 561 2662 praecipue
594 2606 822 2663 scopum
860 2596 922 2645 ut
955 2589 1126 2644 lector
1156 2590 1335 2662 quoad
1366 2591 1638 2665 ejusmodi
1678 2595 2005 2665 potestatem

120 2686 309 2741 sedulo
341 2686 640 2759 distinguat
682 2687 1042 2758 quaestionem
1086 2706 1154 2742 αη
1194 2690 1261 2742 sit
1294 2707 1322 2742 a
1364 2689 1670 2761 quaestione
1709 2688 1879 2761 qualis
1911 2692 2004 2751 sit,-

116 2783 169 2837 id
198 2790 297 2849 est,
330 2783 686 2856 quaestionem
718 2803 788 2839 an
827 2786 1071 2840 Romano
1098 2785 1344 2841 Pontitici
1382 2805 1569 2843 revera
1597 2794 1871 2860 competat
1907 2790 2003 2844 ali-

116 2881 294 2953 quain
321 2899 437 2935 rem
469 2883 829 2954 temporalem
857 2889 1102 2938 statuum
1143 2889 1398 2957 poteslaS,
1432 2903 1461 2938 a
1498 2884 1801 2956 quaestione
1835 2887 2004 2958 qualis

44 3054 50 3060 ι
115 2996 176 3033 ea
208 2984 443 3050 potestas
468 2978 559 3048 sit,
602 2978 881 3035 directane
909 2998 979 3035 an
1003 2980 1291 3036 indirecta.
1321 2982 1453 3036 Nam
1487 2983 1633 3054 quod
1658 2985 1830 3054 aliqua
1856 3001 2005 3039 com-

115 3082 279 3150 petat,
322 3083 406 3132 est
442 3082 584 3132 certa
625 3095 851 3150 prorsus
895 3096 958 3134 ac
1002 3079 1236 3159 tenenda
1262 3080 1532 3146 doctrina,
1580 3088 1744 3154 prout
1782 3082 2006 3139 abunde

116 3172 461 3244 probabitur,
500 3192 609 3229 non
640 3181 822 3230 autem
855 3193 1008 3231 mera
1042 3176 1229 3249 opinio
1257 3194 1378 3248 quae
1403 3177 1550 3233 licite
1584 3178 1900 3252 impugnari
1941 3199 2005 3236 ac

116 3269 268 3340 rejici
299 3271 494 3326 valeat.
545 3271 723 3337 Qualis
761 3290 888 3328 vero
930 3291 994 3329 ea
1033 3273 1122 3342 sit,
1155 3292 1265 3329 non
1309 3274 1503 3330 eodem
1551 3277 1713 3331 modo
1751 3278 2003 3334 doctores

116 3365 367 3423 catholici
414 3386 735 3442 exposuere.
779 3370 882 3425 Alii
932 3388 1135 3444 nempe
1186 3372 1476 3438 directam,
1529 3373 1853 3428 indirectam
1905 3373 1998 3426 alii

115 3472 549 3534 propugnarunt.
594 3466 707 3530 Qua
746 3468 1026 3539 praemissa
1072 3469 1138 3524 de
1175 3474 1323 3524 statu
1367 3470 1687 3543 quaestionis
1727 3469 1996 3541 discepta-

114 3559 279 3623 tione,
314 3561 479 3616 variis
515 3570 856 3636 argumentis
890 3566 948 3620 in
981 3567 1211 3623 totidem
1242 3568 1515 3625 sectiones
1552 3568 1864 3624 distributis
1894 3567 1993 3619 Ro·

115 3675 276 3711 mano
316 3656 557 3713 Pontifici
593 3661 967 3719 vindicabitur
1003 3665 1061 3719 in
1107 3683 1223 3720 rem
1275 3667 1635 3739 temporalem
1675 3663 1989 3737 principum

349 3775 413 3804 121.
1695 3782 1720 3815 2
