2340 4062
830 307 955 355 PARS
983 304 1200 359 QUARTA.
1928 297 1979 342 81

120 433 431 486 sanctorum
461 427 684 482 Patrum
709 421 1022 490 traditione,
1049 419 1118 474 ob
1141 414 1467 492 apostasiam
1490 419 1544 471 et
1571 410 1828 468 haeresim
1853 410 1987 482 legi-

120 528 254 583 time
294 524 488 599 deponi
538 521 798 598 potuerit,
838 519 1042 574 fatetur
1082 515 1330 591 perditus
1366 514 1467 569 vir.
1507 514 1571 568 Et
1611 511 1757 586 quod
1800 509 1986 566 saeculi

122 625 300 697 quarti
339 622 609 679 antistites
638 618 920 675 ,lulianum
952 617 1265 689 Apostatam
1301 631 1412 670 non
1449 610 1824 686 deposuerint,
1863 626 1989 680 prn-

122 721 309 774 dentiae
335 716 545 782 tribuit,
580 733 691 770 non
723 711 960 770 defectui
986 712 1291 785 potestatis.
1327 710 1497 764 Aliter
1535 726 1664 764 sane
1696 708 1989 763 locuturus

123 816 187 882 si,
233 821 362 871 tunc
398 812 677 887 temporiS,
719 809 965 866 doctrina
996 809 1108 863 haec
1149 806 1531 862 controversiae
1573 806 1657 861 vel
1692 804 1989 860 minimum

123 911 347 967 obnoxia
374 910 585 974 fuisset,
615 914 667 963 et
700 926 809 963 non
835 924 932 981 pro
960 903 1271 961 certissimo
1298 903 1547 974 dogmate
1577 902 1782 957 habita.

198 1009 251 1063 2⁰
274 1007 336 1061 At
363 1003 757 1061 catholicorum
781 1002 982 1074 cuique
1011 998 1365 1074 potissimum
1394 998 1722 1052 attendenda
1753 998 1994 1053 circum-

125 1103 316 1160 stantia
353 1107 429 1157 tot
462 1106 774 1156 sanctorum
801 1104 855 1154 et
887 1099 1177 1153 beatorum
1208 1087 1409 1150 dictam
1446 1093 1755 1148 doctrinam
1798 1094 1995 1148 unani-

123 1199 283 1254 miter
306 1196 698 1271 profitentium.
726 1195 844 1251 Jam
870 1195 1059 1268 plures
1082 1210 1248 1266 supra
1282 1190 1592 1247 citavimus.
1631 1190 1734 1246 Sed
1768 1207 1838 1244 ne
1867 1190 1995 1244 cita-

121 1292 291 1346 tiones
316 1290 515 1346 iterum
546 1308 922 1363 congeramus,
955 1307 1065 1345 uno
1088 1290 1252 1344 verbo
1278 1288 1386 1343 dici
1415 1293 1612 1362 potest,
1645 1286 1718 1340 ita
1740 1285 1994 1340 docuisse

121 1388 341 1444 Sanctos
372 1395 424 1444 et
449 1390 635 1444 Beatos
658 1388 933 1462 quoslibet
963 1388 1137 1461 (nullo
1162 1391 1431 1462 excepto),
1461 1387 1557 1461 qui
1583 1389 1684 1441 bac
1703 1386 1769 1440 de
1798 1403 1857 1440 re
1887 1383 1996 1440 dis-

122 1491 430 1540 seruerunt.
453 1486 489 1539 13
515 1491 702 1540 contra
726 1503 872 1550 ver0,
903 1503 969 1541 ex
994 1485 1064 1540 iis
1090 1485 1183 1558 qui
1202 1484 1457 1540 Ecclesiae
1493 1483 1801 1556 quamlibet
1826 1483 1993 1537 denc-

122 1588 316 1653 garunt
346 1583 400 1636 in
430 1583 750 1656 temporalia
782 1587 1130 1656 potestatem,
1163 1583 1385 1638 nullum
1417 1599 1647 1656 prorsus
1674 1585 1992 1636 sanctorum

124 1683 218 1732 aut
240 1679 524 1734 beatorum
552 1680 676 1735 albo
702 1680 1031 1753 inscriptum
1058 1680 1250 1736 fuisse.

201 1863 374 1915 §112-
401 1865 454 1904 Ex
478 1864 688 1905 communi
711 1865 927 1905 doctorum
955 1866 1108 1906 seholae
1137 1877 1339 1906 consensu
1367 1871 1479 1906 certa
1507 1867 1695 1917 rigorose
1716 1865 1917 1916 probatur

500 1931 689 1972 Ecclesiae
714 1937 895 1984 potestas
924 1932 967 1971 in
995 1944 1087 1972 rem
1117 1933 1387 1983 temporalem
1411 1938 1608 1977 statuum.

196 2051 234 2104 Ι.
269 2052 339 2105 De
368 2052 532 2107 variis
554 2053 972 2108 auctoritatibus
1004 2071 1123 2125 quae
1147 2054 1257 2109 vim
1299 2055 1500 2110 habent
1525 2060 1730 2109 certam
1760 2054 1995 2109 faciendi

122 2147 423 2202 doctrinam
455 2149 719 2221 aliquam,
750 2168 814 2204 ex
855 2151 1103 2222 professo
1129 2151 1394 2206 disseruit
1429 2151 1687 2206 Melcliior
1726 2151 1903 2204 Canus
1938 2149 1994 2203 in

123 2263 220 2299 suo
246 2250 475 2300 tractatu
513 2247 578 2300 de
614 2247 736 2301 Iocis
780 2247 1091 2318 theoloqicis;
1121 2248 1352 2320 ejusque
1380 2251 1481 2303 hac
1511 2249 1566 2302 in
1607 2248 1836 2302 materia
1867 2267 1995 2302 con-

121 2338 415 2410 clusiones,
440 2341 741 2411 generatim
766 2360 865 2415 pro
883 2361 1075 2398 norma
1096 2344 1392 2398 orthodoxe
1414 2342 1687 2398 sentiendi*
1710 2343 1765 2395 in
1791 2344 1996 2398 scholis

121 2435 404 2490 catholicis
430 2435 616 2492 haberi
658 2439 854 2494 solent.
886 2440 963 2494 Ad
995 2459 1131 2513 quas
1157 2441 1259 2513 ipsi
1295 2442 1459 2495 ctiam
1487 2439 1768 2494 Bossuetio
1803 2458 1998 2511 provo-

123 2548 245 2584 care
283 2532 524 2589 solemne
548 2540 647 2589 est.
671 2536 836 2591 Porro
855 2555 1022 2609 quam
1044 2538 1154 2592 vim
1184 2537 1452 2611 probandi
1482 2537 1678 2591 habeat
1705 2536 1994 2591 doctorum

125 2627 321 2683 scholae
355 2631 639 2698 sententia,
670 2633 742 2687 ita
768 2634 1007 2690 declarat
1031 2636 1292 2691 Melchior
1317 2637 1493 2692 Canus
1517 2658 1526 2689 ε

199 2746 224 2774 «
249 2725 300 2779 1³
334 2726 619 2783 Conclusio.
640 2732 1132 2807 —Theologorum
1167 2737 1624 2792 scholasticorum
1651 2739 1814 2794 etiam
1851 2738 1994 2792 mul·-

114 2826 319 2890 torum,
345 2822 388 2877 si
413 2824 505 2879 alii
533 2831 722 2883 contra
754 2836 1000 2901 pugnant
1024 2831 1124 2886 viri
1162 2833 1327 2902 docti,
1358 2852 1467 2888 non
1497 2835 1622 2907 plus
1648 2836 1790 2891 valet
1817 2836 1883 2890 ad
1913 2835 1991 2889 fa-

110 2918 361 2974 ciendam
402 2920 565 2978 fidem
611 2943 778 2997 quam
817 2928 901 2983 vel
950 2929 1088 2984 ratio
1127 2930 1397 3003 ipsorum,
1452 2934 1537 2987 vel
1579 2933 1795 3006 gravior
1826 2934 1989 2990 etiam

109 3017 400 3072 auctoritas
424 3021 816 3093 comprobarit.
841 3045 867 3074 »
901 3024 997 3095 (De
1021 3025 1146 3080 locis
1177 3028 1358 3096 theol„
1387 3028 1486 3083 lib.
1516 3030 1643 3098 vul,
1670 3049 1788 3104 cap.
1822 3034 1910 3101 iv.)

185 3131 211 3162 «
240 3113 293 3166 2³
334 3114 623 3171 Conclusio.
669 3152 738 3159 —
766 3120 841 3174 Ex
893 3127 1182 3177 auctorum
1233 3126 1484 3180 omnium
1531 3127 1988 3183 scholasticorum

112 3211 386 3264 communi
412 3214 700 3282 sententia,
742 3216 799 3271 in
834 3235 893 3273 re
919 3218 1147 3291 quidem
1186 3223 1362 3292 gravi,
1405 3242 1582 3296 usque
1623 3225 1754 3280 adeo
1794 3225 1987 3298 proba-

111 3300 241 3356 bilia
258 3312 552 3364 sumuntur
575 3319 921 3384 argumenta,
945 3320 1007 3369 ut
1030 3315 1144 3371 illis
1171 3318 1435 3390 refragari
1464 3322 1823 3377 temerarium
1849 3322 1981 3377 sit.»

117 3397 296 3469 (ibid.)

189 3516 214 3545 «
236 3495 439 3552 Scholae
466 3500 631 3572 igitur
667 3524 996 3566 consensum
1040 3530 1150 3569 non
1184 3513 1293 3570 nisi
1322 3515 1677 3590 impudenter
1698 3523 1750 3571 et
1778 3521 1983 3570 temere

111 3590 445 3663 rejiciemuS.
480 3596 656 3672 (ibid.)

348 3711 407 3741 ιιι.
1714 3715 1739 3758 6
