<?xml version="1.0" encoding="UTF-8"?>
<!DOCTYPE html PUBLIC "-//W3C//DTD XHTML 1.0 Transitional//EN"
    "http://www.w3.org/TR/xhtml1/DTD/xhtml1-transitional.dtd">
<html xmlns="http://www.w3.org/1999/xhtml" xml:lang="en" lang="en">
 <head>
  <title>
</title>
<meta http-equiv="Content-Type" content="text/html;charset=utf-8" />
  <meta name='ocr-system' content='tesseract 3.04.00' />
  <meta name='ocr-capabilities' content='ocr_page ocr_carea ocr_par ocr_line ocrx_word'/>
</head>
<body>
  <div class='ocr_page' id='page_1' title='image "a548470103bouiuoft_0247.png"; bbox 0 0 2340 3990; ppageno 0'>
   <div class='ocr_carea' id='block_1_1' title="bbox 48 311 1950 991">
    <p class='ocr_par' dir='ltr' id='par_1_1' title="bbox 48 311 1950 991">
     <span class='ocr_line' id='line_1_1' title="bbox 818 311 1939 369; baseline -0.007 -4"><span class='ocrx_word' id='word_1_1' title='bbox 818 315 946 365; x_wconf 76' lang='lat' dir='ltr'>PARS</span> <span class='ocrx_word' id='word_1_2' title='bbox 973 313 1190 369; x_wconf 69' lang='lat' dir='ltr'><strong><em>eumn.</em></strong></span> <span class='ocrx_word' id='word_1_3' title='bbox 1849 311 1939 358; x_wconf 71' lang='lat'><strong><em>225</em></strong></span> 
     </span>
     <span class='ocr_line' id='line_1_2' title="bbox 84 415 1940 501; baseline -0.008 -16"><span class='ocrx_word' id='word_1_4' title='bbox 84 426 364 501; x_wconf 53' lang='lat' dir='ltr'><strong><em>dequibus</em></strong></span> <span class='ocrx_word' id='word_1_5' title='bbox 392 444 426 482; x_wconf 93' lang='lat' dir='ltr'><strong><em>a</em></strong></span> <span class='ocrx_word' id='word_1_6' title='bbox 448 424 632 482; x_wconf 87' lang='lat' dir='ltr'><strong><em>divinis</em></strong></span> <span class='ocrx_word' id='word_1_7' title='bbox 655 423 843 497; x_wconf 78' lang='lat' dir='ltr'><strong><em>requlis</em></strong></span> <span class='ocrx_word' id='word_1_8' title='bbox 863 423 1162 497; x_wconf 79' lang='lat' dir='ltr'><strong><em>prohibetur</em></strong></span> <span class='ocrx_word' id='word_1_9' title='bbox 1192 437 1249 476; x_wconf 88' lang='lat' dir='ltr'><strong><em>se</em></strong></span> <span class='ocrx_word' id='word_1_10' title='bbox 1276 418 1616 492; x_wconf 76' lang='lat' dir='ltr'><strong><em>conjunxerit,</em></strong></span> <span class='ocrx_word' id='word_1_11' title='bbox 1639 415 1741 472; x_wconf 88' lang='lat' dir='ltr'><strong><em>nisi</em></strong></span> <span class='ocrx_word' id='word_1_12' title='bbox 1774 418 1940 489; x_wconf 84' lang='lat' dir='ltr'><strong><em>poeni-</em></strong></span> 
     </span>
     <span class='ocr_line' id='line_1_3' title="bbox 83 504 1943 599; baseline -0.008 -15"><span class='ocrx_word' id='word_1_13' title='bbox 83 527 293 585; x_wconf 81' lang='lat' dir='ltr'><strong><em>tentiam</em></strong></span> <span class='ocrx_word' id='word_1_14' title='bbox 313 525 717 599; x_wconf 78' lang='lat' dir='ltr'><strong><em>sequestratione</em></strong></span> <span class='ocrx_word' id='word_1_15' title='bbox 738 528 1010 592; x_wconf 85' lang='lat' dir='ltr'><strong><em>testentur,</em></strong></span> <span class='ocrx_word' id='word_1_16' title='bbox 1026 504 1378 577; x_wconf 78' lang='lat' dir='ltr'><strong><em>communione</em></strong></span> <span class='ocrx_word' id='word_1_17' title='bbox 1390 518 1684 592; x_wconf 65' lang='lat' dir='ltr'><strong><em>privemur,-</em></strong></span> <span class='ocrx_word' id='word_1_18' title='bbox 1705 522 1758 572; x_wconf 92' lang='lat' dir='ltr'><strong><em>et</em></strong></span> <span class='ocrx_word' id='word_1_19' title='bbox 1777 532 1943 589; x_wconf 90' lang='lat' dir='ltr'><strong><em>neque</em></strong></span> 
     </span>
     <span class='ocr_line' id='line_1_4' title="bbox 48 613 1944 697; baseline -0.006 -16"><span class='ocrx_word' id='word_1_20' title='bbox 48 639 51 666; x_wconf 77' lang='lat'>³</span> <span class='ocrx_word' id='word_1_21' title='bbox 81 624 138 680; x_wconf 84' lang='lat' dir='ltr'><strong><em>in</em></strong></span> <span class='ocrx_word' id='word_1_22' title='bbox 168 623 366 697; x_wconf 85' lang='lat' dir='ltr'><strong><em>palatio</em></strong></span> <span class='ocrx_word' id='word_1_23' title='bbox 399 622 651 686; x_wconf 84' lang='lat' dir='ltr'><strong><em>militiam,</em></strong></span> <span class='ocrx_word' id='word_1_24' title='bbox 692 635 855 692; x_wconf 87' lang='lat' dir='ltr'><strong><em>neque</em></strong></span> <span class='ocrx_word' id='word_1_25' title='bbox 892 617 1209 690; x_wconf 64' lang='lat' dir='ltr'><strong><em>agendarum</em></strong></span> <span class='ocrx_word' id='word_1_26' title='bbox 1241 633 1515 674; x_wconf 89' lang='lat' dir='ltr'><strong><em>causarum</em></strong></span> <span class='ocrx_word' id='word_1_27' title='bbox 1555 614 1812 671; x_wconf 85' lang='lat' dir='ltr'><strong><em>licentiam</em></strong></span> <span class='ocrx_word' id='word_1_28' title='bbox 1851 613 1944 669; x_wconf 87' lang='lat' dir='ltr'><strong><em>ha-</em></strong></span> 
     </span>
     <span class='ocr_line' id='line_1_5' title="bbox 85 710 1946 793; baseline -0.005 -16"><span class='ocrx_word' id='word_1_29' title='bbox 85 722 254 778; x_wconf 88' lang='lat' dir='ltr'><strong><em>beant.</em></strong></span> <span class='ocrx_word' id='word_1_30' title='bbox 291 720 357 778; x_wconf 89' lang='lat' dir='ltr'><strong><em>Et</em></strong></span> <span class='ocrx_word' id='word_1_31' title='bbox 387 717 587 793; x_wconf 80' lang='lat' dir='ltr'><strong><em>quando</em></strong></span> <span class='ocrx_word' id='word_1_32' title='bbox 624 714 866 790; x_wconf 82' lang='lat' dir='ltr'><strong><em>praedicti</em></strong></span> <span class='ocrx_word' id='word_1_33' title='bbox 895 716 1174 771; x_wconf 75' lang='lat' dir='ltr'><strong><em>incestuosi</em></strong></span> <span class='ocrx_word' id='word_1_34' title='bbox 1204 733 1260 771; x_wconf 93' lang='lat' dir='ltr'><strong><em>se</em></strong></span> <span class='ocrx_word' id='word_1_35' title='bbox 1295 714 1680 788; x_wconf 78' lang='lat' dir='ltr'><strong><em>conjunxerint,</em></strong></span> <span class='ocrx_word' id='word_1_36' title='bbox 1720 710 1946 787; x_wconf 81' lang='lat' dir='ltr'><strong><em>episcopi</em></strong></span> 
     </span>
     <span class='ocr_line' id='line_1_6' title="bbox 83 808 1950 892; baseline -0.007 -15"><span class='ocrx_word' id='word_1_37' title='bbox 83 838 175 876; x_wconf 88' lang='lat' dir='ltr'><strong><em>seu</em></strong></span> <span class='ocrx_word' id='word_1_38' title='bbox 204 817 485 892; x_wconf 79' lang='lat' dir='ltr'><strong><em>presbyteri</em></strong></span> <span class='ocrx_word' id='word_1_39' title='bbox 510 817 566 870; x_wconf 91' lang='lat' dir='ltr'><strong><em>in</em></strong></span> <span class='ocrx_word' id='word_1_40' title='bbox 592 829 809 886; x_wconf 85' lang='lat' dir='ltr'><strong><em>quorum</em></strong></span> <span class='ocrx_word' id='word_1_41' title='bbox 835 812 1039 869; x_wconf 87' lang='lat' dir='ltr'><strong><em>dioecesi</em></strong></span> <span class='ocrx_word' id='word_1_42' title='bbox 1073 813 1154 868; x_wconf 90' lang='lat' dir='ltr'><strong><em>vel</em></strong></span> <span class='ocrx_word' id='word_1_43' title='bbox 1177 830 1311 886; x_wconf 82' lang='lat' dir='ltr'><strong><em>paqo</em></strong></span> <span class='ocrx_word' id='word_1_44' title='bbox 1342 819 1513 868; x_wconf 88' lang='lat' dir='ltr'><strong><em>actum</em></strong></span> <span class='ocrx_word' id='word_1_45' title='bbox 1537 811 1715 886; x_wconf 79' lang='lat' dir='ltr'><strong><em>fuerit,</em></strong></span> <span class='ocrx_word' id='word_1_46' title='bbox 1741 810 1850 884; x_wconf 80' lang='lat' dir='ltr'><strong><em>reqi</em></strong></span> <span class='ocrx_word' id='word_1_47' title='bbox 1870 808 1950 865; x_wconf 89' lang='lat' dir='ltr'><strong><em>vel</em></strong></span> 
     </span>
     <span class='ocr_line' id='line_1_7' title="bbox 79 909 1950 991; baseline -0.005 -17"><span class='ocrx_word' id='word_1_48' title='bbox 79 918 331 991; x_wconf 80' lang='lat' dir='ltr'><strong><em>judicibus</em></strong></span> <span class='ocrx_word' id='word_1_49' title='bbox 369 912 530 971; x_wconf 89' lang='lat' dir='ltr'><strong><em>scelus</em></strong></span> <span class='ocrx_word' id='word_1_50' title='bbox 570 919 927 985; x_wconf 83' lang='lat' dir='ltr'><strong><em>perpetratum</em></strong></span> <span class='ocrx_word' id='word_1_51' title='bbox 969 912 1278 967; x_wconf 86' lang='lat' dir='ltr'><strong><em>annuntient</em></strong></span> <span class='ocrx_word' id='word_1_52' title='bbox 1295 931 1312 963; x_wconf 89' lang='grc'><strong><em>.·</em></strong></span> <span class='ocrx_word' id='word_1_53' title='bbox 1340 918 1399 966; x_wconf 93' lang='lat' dir='ltr'><strong><em>ut</em></strong></span> <span class='ocrx_word' id='word_1_54' title='bbox 1440 928 1555 967; x_wconf 90' lang='lat' dir='ltr'><strong><em>cum</em></strong></span> <span class='ocrx_word' id='word_1_55' title='bbox 1581 913 1710 984; x_wconf 85' lang='lat' dir='ltr'><strong><em>ipsis</em></strong></span> <span class='ocrx_word' id='word_1_56' title='bbox 1750 909 1950 966; x_wconf 89' lang='lat' dir='ltr'><strong><em>denun-</em></strong></span> 
     </span>
    </p>
   </div>
   <div class='ocr_carea' id='block_1_2' title="bbox 8 1010 1957 1274">
    <p class='ocr_par' dir='ltr' id='par_1_2' title="bbox 8 1010 1957 1274">
     <span class='ocr_line' id='line_1_8' title="bbox 88 1010 1954 1087; baseline -0.004 -15"><span class='ocrx_word' id='word_1_57' title='bbox 88 1018 271 1072; x_wconf 83' lang='lat' dir='ltr'><strong><em>tiatum</em></strong></span> <span class='ocrx_word' id='word_1_58' title='bbox 310 1013 483 1087; x_wconf 67' lang='lat' dir='ltr'><strong><em>fuerit,</em></strong></span> <span class='ocrx_word' id='word_1_59' title='bbox 524 1027 582 1065; x_wconf 86' lang='lat' dir='ltr'><strong><em>se</em></strong></span> <span class='ocrx_word' id='word_1_60' title='bbox 626 1011 690 1065; x_wconf 93' lang='lat' dir='ltr'><strong><em>ab</em></strong></span> <span class='ocrx_word' id='word_1_61' title='bbox 738 1028 915 1067; x_wconf 87' lang='lat' dir='ltr'><strong><em>eorum</em></strong></span> <span class='ocrx_word' id='word_1_62' title='bbox 959 1011 1314 1066; x_wconf 86' lang='lat' dir='ltr'><strong><em>communione</em></strong></span> <span class='ocrx_word' id='word_1_63' title='bbox 1333 1015 1424 1064; x_wconf 89' lang='lat' dir='ltr'><strong><em>aut</em></strong></span> <span class='ocrx_word' id='word_1_64' title='bbox 1469 1010 1847 1066; x_wconf 85' lang='lat' dir='ltr'><strong><em>cohabitatione</em></strong></span> <span class='ocrx_word' id='word_1_65' title='bbox 1873 1027 1954 1065; x_wconf 88' lang='lat' dir='ltr'><strong><em>se-</em></strong></span> 
     </span>
     <span class='ocr_line' id='line_1_9' title="bbox 8 1104 1957 1187; baseline -0.004 -19"><span class='ocrx_word' id='word_1_66' title='bbox 8 1130 14 1187; x_wconf 65' lang='lat' dir='ltr'>j</span> <span class='ocrx_word' id='word_1_67' title='bbox 86 1115 361 1185; x_wconf 83' lang='lat' dir='ltr'><strong><em>questrent.</em></strong></span> <span class='ocrx_word' id='word_1_68' title='bbox 388 1106 455 1164; x_wconf 88' lang='lat' dir='ltr'><strong><em>Et</em></strong></span> <span class='ocrx_word' id='word_1_69' title='bbox 474 1122 555 1161; x_wconf 88' lang='lat' dir='ltr'><strong><em>res</em></strong></span> <span class='ocrx_word' id='word_1_70' title='bbox 579 1122 757 1161; x_wconf 86' lang='lat' dir='ltr'><strong><em>eorum</em></strong></span> <span class='ocrx_word' id='word_1_71' title='bbox 779 1104 850 1160; x_wconf 88' lang='lat' dir='ltr'><strong><em>ad</em></strong></span> <span class='ocrx_word' id='word_1_72' title='bbox 868 1106 1112 1176; x_wconf 82' lang='lat' dir='ltr'><strong><em>proprios</em></strong></span> <span class='ocrx_word' id='word_1_73' title='bbox 1143 1110 1392 1176; x_wconf 84' lang='lat' dir='ltr'><strong><em>parentes</em></strong></span> <span class='ocrx_word' id='word_1_74' title='bbox 1411 1106 1741 1176; x_wconf 86' lang='lat' dir='ltr'><strong><em>perveniant,</em></strong></span> <span class='ocrx_word' id='word_1_75' title='bbox 1770 1106 1863 1160; x_wconf 87' lang='lat' dir='ltr'><strong><em>sub</em></strong></span> <span class='ocrx_word' id='word_1_76' title='bbox 1894 1124 1957 1162; x_wconf 92' lang='lat' dir='ltr'><strong><em>ea</em></strong></span> 
     </span>
     <span class='ocr_line' id='line_1_10' title="bbox 10 1199 1951 1274; baseline -0.004 -10"><span class='ocrx_word' id='word_1_77' title='bbox 10 1203 20 1210; x_wconf 22' lang='grc' dir='ltr'>κ</span> <span class='ocrx_word' id='word_1_78' title='bbox 86 1207 368 1264; x_wconf 77' lang='lat' dir='ltr'><strong><em>conditione</em></strong></span> <span class='ocrx_word' id='word_1_79' title='bbox 406 1209 464 1258; x_wconf 90' lang='lat' dir='ltr'><strong><em>ut</em></strong></span> <span class='ocrx_word' id='word_1_80' title='bbox 506 1208 782 1274; x_wconf 85' lang='lat' dir='ltr'><strong><em>antequam</em></strong></span> <span class='ocrx_word' id='word_1_81' title='bbox 822 1206 1231 1273; x_wconf 83' lang='lat' dir='ltr'><strong><em>sequestrentur,</em></strong></span> <span class='ocrx_word' id='word_1_82' title='bbox 1275 1217 1375 1272; x_wconf 86' lang='lat' dir='ltr'><strong><em>per</em></strong></span> <span class='ocrx_word' id='word_1_83' title='bbox 1420 1199 1622 1255; x_wconf 89' lang='lat' dir='ltr'><strong><em>nullum</em></strong></span> <span class='ocrx_word' id='word_1_84' title='bbox 1671 1202 1951 1272; x_wconf 79' lang='lat' dir='ltr'><strong><em>inqenium‚</em></strong></span> 
     </span>
    </p>
   </div>
   <div class='ocr_carea' id='block_1_3' title="bbox 83 1300 1955 1378">
    <p class='ocr_par' dir='ltr' id='par_1_3' title="bbox 83 1300 1955 1378">
     <span class='ocr_line' id='line_1_11' title="bbox 83 1300 1955 1378; baseline -0.004 -17"><span class='ocrx_word' id='word_1_85' title='bbox 83 1321 242 1378; x_wconf 84' lang='lat' dir='ltr'><strong><em>neque</em></strong></span> <span class='ocrx_word' id='word_1_86' title='bbox 266 1319 364 1377; x_wconf 69' lang='lat' dir='ltr'><strong><em>per</em></strong></span> <span class='ocrx_word' id='word_1_87' title='bbox 397 1306 662 1376; x_wconf 61' lang='lat' dir='ltr'><strong><em>parentes,</em></strong></span> <span class='ocrx_word' id='word_1_88' title='bbox 701 1316 866 1372; x_wconf 90' lang='lat' dir='ltr'><strong><em>neque</em></strong></span> <span class='ocrx_word' id='word_1_89' title='bbox 892 1317 989 1372; x_wconf 83' lang='lat' dir='ltr'><strong><em>per</em></strong></span> <span class='ocrx_word' id='word_1_90' title='bbox 1026 1300 1359 1372; x_wconf 78' lang='lat' dir='ltr'><strong><em>emptionem,</em></strong></span> <span class='ocrx_word' id='word_1_91' title='bbox 1394 1316 1558 1371; x_wconf 90' lang='lat' dir='ltr'><strong><em>neque</em></strong></span> <span class='ocrx_word' id='word_1_92' title='bbox 1590 1316 1690 1372; x_wconf 84' lang='lat' dir='ltr'><strong><em>per</em></strong></span> <span class='ocrx_word' id='word_1_93' title='bbox 1729 1300 1955 1354; x_wconf 85' lang='lat' dir='ltr'><strong><em>auctori-</em></strong></span> 
     </span>
    </p>
   </div>
   <div class='ocr_carea' id='block_1_4' title="bbox 0 1395 1956 1472">
    <p class='ocr_par' dir='ltr' id='par_1_4' title="bbox 0 1395 1956 1472">
     <span class='ocr_line' id='line_1_12' title="bbox 0 1395 1956 1472; baseline -0.004 -13"><span class='ocrx_word' id='word_1_94' title='bbox 0 1417 2 1423; x_wconf 53' lang='lat'><em>*</em></span> <span class='ocrx_word' id='word_1_95' title='bbox 85 1409 239 1459; x_wconf 85' lang='lat' dir='ltr'><strong><em>tatem</em></strong></span> <span class='ocrx_word' id='word_1_96' title='bbox 279 1401 488 1472; x_wconf 80' lang='lat' dir='ltr'><strong><em>reqiam,</em></strong></span> <span class='ocrx_word' id='word_1_97' title='bbox 528 1397 598 1453; x_wconf 89' lang='lat' dir='ltr'><strong><em>ad</em></strong></span> <span class='ocrx_word' id='word_1_98' title='bbox 634 1399 879 1470; x_wconf 84' lang='lat' dir='ltr'><strong><em>proprias</em></strong></span> <span class='ocrx_word' id='word_1_99' title='bbox 921 1397 1230 1470; x_wconf 82' lang='lat' dir='ltr'><strong><em>perveniant</em></strong></span> <span class='ocrx_word' id='word_1_100' title='bbox 1275 1395 1575 1468; x_wconf 84' lang='lat' dir='ltr'><strong><em>facultates,</em></strong></span> <span class='ocrx_word' id='word_1_101' title='bbox 1621 1398 1724 1452; x_wconf 85' lang='lat' dir='ltr'><strong><em>nisi</em></strong></span> <span class='ocrx_word' id='word_1_102' title='bbox 1748 1398 1956 1471; x_wconf 79' lang='lat' dir='ltr'><strong><em>praefati</em></strong></span> 
     </span>
    </p>
   </div>
   <div class='ocr_carea' id='block_1_5' title="bbox 0 0 69 3990">
    <p class='ocr_par' dir='ltr' id='par_1_5' title="bbox 0 0 69 3990">
     <span class='ocr_line' id='line_1_13' title="bbox 0 0 69 3990; baseline 0 0"><span class='ocrx_word' id='word_1_103' title='bbox 0 0 69 3990; x_wconf 95' lang='lat' dir='ltr'><strong><em> </em></strong></span> 
     </span>
    </p>
   </div>
   <div class='ocr_carea' id='block_1_6' title="bbox 0 1493 1968 3535">
    <p class='ocr_par' dir='ltr' id='par_1_6' title="bbox 0 1493 1966 3049">
     <span class='ocr_line' id='line_1_14' title="bbox 83 1493 1951 1571; baseline -0.002 -16"><span class='ocrx_word' id='word_1_104' title='bbox 83 1497 286 1555; x_wconf 81' lang='lat' dir='ltr'><strong><em>sceleris</em></strong></span> <span class='ocrx_word' id='word_1_105' title='bbox 313 1497 635 1571; x_wconf 79' lang='lat' dir='ltr'><strong><em>separatione</em></strong></span> <span class='ocrx_word' id='word_1_106' title='bbox 668 1496 1027 1568; x_wconf 83' lang='lat' dir='ltr'><strong><em>poenitentiam</em></strong></span> <span class='ocrx_word' id='word_1_107' title='bbox 1053 1496 1337 1568; x_wconf 83' lang='lat' dir='ltr'><strong><em>fateantur.</em></strong></span> <span class='ocrx_word' id='word_1_108' title='bbox 1371 1493 1580 1568; x_wconf 88' lang='lat' dir='ltr'><strong><em>(Coleti,</em></strong></span> <span class='ocrx_word' id='word_1_109' title='bbox 1607 1493 1740 1550; x_wconf 86' lang='lat' dir='ltr'><strong><em>Coll.</em></strong></span> <span class='ocrx_word' id='word_1_110' title='bbox 1768 1512 1951 1562; x_wconf 57' lang='lat' dir='ltr'><strong><em>conc„</em></strong></span> 
     </span>
     <span class='ocr_line' id='line_1_15' title="bbox 88 1591 1957 1670; baseline 0 -18"><span class='ocrx_word' id='word_1_111' title='bbox 88 1601 131 1652; x_wconf 84' lang='lat' dir='ltr'><strong><em>t.</em></strong></span> <span class='ocrx_word' id='word_1_112' title='bbox 155 1595 237 1660; x_wconf 84' lang='lat' dir='ltr'><strong><em>VI,</em></strong></span> <span class='ocrx_word' id='word_1_113' title='bbox 267 1612 383 1670; x_wconf 87' lang='lat' dir='ltr'><strong><em>pag.</em></strong></span> <span class='ocrx_word' id='word_1_114' title='bbox 413 1593 600 1663; x_wconf 81' lang='lat'><strong>1454.)</strong></span> <span class='ocrx_word' id='word_1_115' title='bbox 631 1591 783 1648; x_wconf 91' lang='lat' dir='ltr'><strong><em>Ainsi</em></strong></span> <span class='ocrx_word' id='word_1_116' title='bbox 803 1592 883 1649; x_wconf 93' lang='lat' dir='ltr'><strong><em>les</em></strong></span> <span class='ocrx_word' id='word_1_117' title='bbox 905 1592 1200 1667; x_wconf 86' lang='lat' dir='ltr'><strong><em>coupables</em></strong></span> <span class='ocrx_word' id='word_1_118' title='bbox 1229 1592 1362 1649; x_wconf 89' lang='lat' dir='ltr'><strong><em>dont</em></strong></span> <span class='ocrx_word' id='word_1_119' title='bbox 1386 1592 1425 1647; x_wconf 94' lang='lat' dir='ltr'><strong><em>il</em></strong></span> <span class='ocrx_word' id='word_1_120' title='bbox 1455 1598 1537 1650; x_wconf 81' lang='lat' dir='ltr'><strong><em>est</em></strong></span> <span class='ocrx_word' id='word_1_121' title='bbox 1560 1593 1713 1668; x_wconf 77' lang='lat' dir='ltr'><strong><em>parle</em></strong></span> <span class='ocrx_word' id='word_1_122' title='bbox 1732 1593 1869 1652; x_wconf 89' lang='lat' dir='ltr'><strong><em>dans</em></strong></span> <span class='ocrx_word' id='word_1_123' title='bbox 1895 1612 1957 1652; x_wconf 88' lang='lat' dir='ltr'><strong><em>ce</em></strong></span> 
     </span>
     <span class='ocr_line' id='line_1_16' title="bbox 87 1691 1958 1766; baseline -0.001 -16"><span class='ocrx_word' id='word_1_124' title='bbox 87 1710 259 1750; x_wconf 88' lang='lat' dir='ltr'><strong><em>canon</em></strong></span> <span class='ocrx_word' id='word_1_125' title='bbox 281 1692 475 1750; x_wconf 80' lang='lat' dir='ltr'><strong><em>etaient</em></strong></span> <span class='ocrx_word' id='word_1_126' title='bbox 502 1692 914 1749; x_wconf 80' lang='lat' dir='ltr'><strong><em>excommunies</em></strong></span> <span class='ocrx_word' id='word_1_127' title='bbox 940 1697 992 1748; x_wconf 90' lang='lat' dir='ltr'><strong><em>et</em></strong></span> <span class='ocrx_word' id='word_1_128' title='bbox 1015 1691 1199 1766; x_wconf 79' lang='lat' dir='ltr'><strong><em>prives</em></strong></span> <span class='ocrx_word' id='word_1_129' title='bbox 1238 1692 1306 1748; x_wconf 92' lang='lat' dir='ltr'><strong><em>de</em></strong></span> <span class='ocrx_word' id='word_1_130' title='bbox 1340 1691 1492 1747; x_wconf 89' lang='lat' dir='ltr'><strong><em>leurs</em></strong></span> <span class='ocrx_word' id='word_1_131' title='bbox 1533 1691 1719 1759; x_wconf 88' lang='lat' dir='ltr'><strong><em>biens;</em></strong></span> <span class='ocrx_word' id='word_1_132' title='bbox 1763 1698 1816 1749; x_wconf 85' lang='lat' dir='ltr'><strong><em>et</em></strong></span> <span class='ocrx_word' id='word_1_133' title='bbox 1838 1697 1958 1749; x_wconf 86' lang='lat' dir='ltr'><strong><em>tant</em></strong></span> 
     </span>
     <span class='ocr_line' id='line_1_17' title="bbox 91 1790 1956 1866; baseline 0.002 -19"><span class='ocrx_word' id='word_1_134' title='bbox 91 1790 251 1866; x_wconf 87' lang='lat' dir='ltr'><strong><em>qu’ils</em></strong></span> <span class='ocrx_word' id='word_1_135' title='bbox 274 1809 342 1848; x_wconf 95' lang='lat' dir='ltr'><strong><em>ne</em></strong></span> <span class='ocrx_word' id='word_1_136' title='bbox 375 1790 623 1847; x_wconf 77' lang='lat' dir='ltr'><strong><em>s’etaient</em></strong></span> <span class='ocrx_word' id='word_1_137' title='bbox 647 1790 803 1866; x_wconf 87' lang='lat' dir='ltr'><strong><em>point</em></strong></span> <span class='ocrx_word' id='word_1_138' title='bbox 831 1791 1052 1864; x_wconf 78' lang='lat' dir='ltr'><strong><em>separes</em></strong></span> <span class='ocrx_word' id='word_1_139' title='bbox 1082 1797 1135 1847; x_wconf 89' lang='lat' dir='ltr'><strong><em>et</em></strong></span> <span class='ocrx_word' id='word_1_140' title='bbox 1173 1790 1387 1847; x_wconf 91' lang='lat' dir='ltr'><strong><em>soumis</em></strong></span> <span class='ocrx_word' id='word_1_141' title='bbox 1417 1792 1446 1846; x_wconf 76' lang='lat' dir='ltr'><strong><em>a</em></strong></span> <span class='ocrx_word' id='word_1_142' title='bbox 1476 1790 1528 1846; x_wconf 90' lang='lat' dir='ltr'><strong><em>la</em></strong></span> <span class='ocrx_word' id='word_1_143' title='bbox 1557 1790 1844 1864; x_wconf 78' lang='lat' dir='ltr'><strong><em>penitence</em></strong></span> <span class='ocrx_word' id='word_1_144' title='bbox 1869 1811 1956 1850; x_wconf 88' lang='lat' dir='ltr'><strong><em>ca-</em></strong></span> 
     </span>
     <span class='ocr_line' id='line_1_18' title="bbox 89 1887 1958 1963; baseline -0.001 -18"><span class='ocrx_word' id='word_1_145' title='bbox 89 1887 338 1963; x_wconf 68' lang='lat' dir='ltr'><strong><em>nemque,</em></strong></span> <span class='ocrx_word' id='word_1_146' title='bbox 363 1887 431 1944; x_wconf 91' lang='lat' dir='ltr'><strong><em>ils</em></strong></span> <span class='ocrx_word' id='word_1_147' title='bbox 456 1904 526 1944; x_wconf 91' lang='lat' dir='ltr'><strong><em>ne</em></strong></span> <span class='ocrx_word' id='word_1_148' title='bbox 546 1889 841 1962; x_wconf 83' lang='lat' dir='ltr'><strong><em>pouvaient</em></strong></span> <span class='ocrx_word' id='word_1_149' title='bbox 868 1887 1021 1962; x_wconf 89' lang='lat' dir='ltr'><strong><em>point</em></strong></span> <span class='ocrx_word' id='word_1_150' title='bbox 1046 1905 1344 1944; x_wconf 86' lang='lat' dir='ltr'><strong><em>recouvrer</em></strong></span> <span class='ocrx_word' id='word_1_151' title='bbox 1365 1906 1456 1944; x_wconf 87' lang='lat' dir='ltr'><strong><em>ces</em></strong></span> <span class='ocrx_word' id='word_1_152' title='bbox 1481 1887 1658 1955; x_wconf 72' lang='lat' dir='ltr'><strong><em>hiem,</em></strong></span> <span class='ocrx_word' id='word_1_153' title='bbox 1680 1891 1862 1946; x_wconf 75' lang='lat' dir='ltr'><strong><em>meme</em></strong></span> <span class='ocrx_word' id='word_1_154' title='bbox 1889 1906 1958 1945; x_wconf 88' lang='grc'><strong><em>611</em></strong></span> 
     </span>
     <span class='ocr_line' id='line_1_19' title="bbox 86 1987 1961 2063; baseline -0.001 -19"><span class='ocrx_word' id='word_1_155' title='bbox 86 1987 167 2046; x_wconf 89' lang='lat' dir='ltr'><strong><em>les</em></strong></span> <span class='ocrx_word' id='word_1_156' title='bbox 200 1989 478 2051; x_wconf 81' lang='lat' dir='ltr'><strong><em>achetant3</em></strong></span> <span class='ocrx_word' id='word_1_157' title='bbox 524 1988 564 2044; x_wconf 85' lang='lat' dir='ltr'><strong><em>il</em></strong></span> <span class='ocrx_word' id='word_1_158' title='bbox 606 1989 738 2045; x_wconf 79' lang='lat' dir='ltr'><strong><em>etait</em></strong></span> <span class='ocrx_word' id='word_1_159' title='bbox 787 1987 1018 2045; x_wconf 82' lang='lat' dir='ltr'><strong><em>interdit</em></strong></span> <span class='ocrx_word' id='word_1_160' title='bbox 1066 1988 1095 2042; x_wconf 80' lang='lat' dir='ltr'><strong><em>a</em></strong></span> <span class='ocrx_word' id='word_1_161' title='bbox 1133 1987 1288 2045; x_wconf 89' lang='lat' dir='ltr'><strong><em>leurs</em></strong></span> <span class='ocrx_word' id='word_1_162' title='bbox 1327 1993 1557 2063; x_wconf 82' lang='lat' dir='ltr'><strong><em>parents</em></strong></span> <span class='ocrx_word' id='word_1_163' title='bbox 1596 1987 1664 2045; x_wconf 91' lang='lat' dir='ltr'><strong><em>de</em></strong></span> <span class='ocrx_word' id='word_1_164' title='bbox 1708 1987 1791 2045; x_wconf 89' lang='lat' dir='ltr'><strong><em>les</em></strong></span> <span class='ocrx_word' id='word_1_165' title='bbox 1835 1987 1961 2045; x_wconf 84' lang='lat' dir='ltr'><strong><em>leur</em></strong></span> 
     </span>
     <span class='ocr_line' id='line_1_20' title="bbox 83 2081 1962 2159; baseline 0.001 -19"><span class='ocrx_word' id='word_1_166' title='bbox 83 2083 266 2152; x_wconf 88' lang='lat' dir='ltr'><strong><em>livrer,</em></strong></span> <span class='ocrx_word' id='word_1_167' title='bbox 294 2088 346 2141; x_wconf 86' lang='lat' dir='ltr'><strong><em>et</em></strong></span> <span class='ocrx_word' id='word_1_168' title='bbox 373 2082 650 2140; x_wconf 82' lang='lat' dir='ltr'><strong><em>l&#39;autorite</em></strong></span> <span class='ocrx_word' id='word_1_169' title='bbox 690 2085 876 2159; x_wconf 79' lang='lat' dir='ltr'><strong><em>royale</em></strong></span> <span class='ocrx_word' id='word_1_170' title='bbox 904 2099 974 2139; x_wconf 93' lang='lat' dir='ltr'><strong><em>ne</em></strong></span> <span class='ocrx_word' id='word_1_171' title='bbox 998 2081 1223 2157; x_wconf 83' lang='lat' dir='ltr'><strong><em>pouvait</em></strong></span> <span class='ocrx_word' id='word_1_172' title='bbox 1245 2100 1342 2158; x_wconf 90' lang='lat' dir='ltr'><strong><em>pas</em></strong></span> <span class='ocrx_word' id='word_1_173' title='bbox 1369 2082 1686 2142; x_wconf 79' lang='lat' dir='ltr'><strong><em>elle-meme</em></strong></span> <span class='ocrx_word' id='word_1_174' title='bbox 1715 2085 1798 2142; x_wconf 91' lang='lat' dir='ltr'><strong><em>les</em></strong></span> <span class='ocrx_word' id='word_1_175' title='bbox 1837 2086 1962 2142; x_wconf 87' lang='lat' dir='ltr'><strong><em>leur</em></strong></span> 
     </span>
     <span class='ocr_line' id='line_1_21' title="bbox 81 2180 1962 2255; baseline 0.003 -18"><span class='ocrx_word' id='word_1_176' title='bbox 81 2180 216 2239; x_wconf 82' lang='lat' dir='ltr'><strong><em>faire</em></strong></span> <span class='ocrx_word' id='word_1_177' title='bbox 245 2199 553 2239; x_wconf 89' lang='lat' dir='ltr'><strong><em>recouvrer.</em></strong></span> <span class='ocrx_word' id='word_1_178' title='bbox 584 2182 713 2238; x_wconf 90' lang='lat' dir='ltr'><strong><em>L&#39;an</em></strong></span> <span class='ocrx_word' id='word_1_179' title='bbox 741 2182 871 2249; x_wconf 81' lang='lat'><strong><em>461,</em></strong></span> <span class='ocrx_word' id='word_1_180' title='bbox 901 2181 951 2237; x_wconf 94' lang='lat' dir='ltr'><strong><em>le</em></strong></span> <span class='ocrx_word' id='word_1_181' title='bbox 973 2181 1218 2255; x_wconf 84' lang='lat' dir='ltr'><strong><em>premier</em></strong></span> <span class='ocrx_word' id='word_1_182' title='bbox 1241 2182 1454 2239; x_wconf 88' lang='lat' dir='ltr'><strong><em>concile</em></strong></span> <span class='ocrx_word' id='word_1_183' title='bbox 1480 2183 1548 2240; x_wconf 92' lang='lat' dir='ltr'><strong><em>de</em></strong></span> <span class='ocrx_word' id='word_1_184' title='bbox 1567 2184 1743 2241; x_wconf 90' lang='lat' dir='ltr'><strong><em>Tours</em></strong></span> <span class='ocrx_word' id='word_1_185' title='bbox 1779 2185 1962 2243; x_wconf 86' lang='lat' dir='ltr'><strong><em>faisait</em></strong></span> 
     </span>
     <span class='ocr_line' id='line_1_22' title="bbox 78 2277 1962 2351; baseline 0.002 -16"><span class='ocrx_word' id='word_1_186' title='bbox 78 2277 159 2336; x_wconf 87' lang='lat' dir='ltr'><strong><em>les</em></strong></span> <span class='ocrx_word' id='word_1_187' title='bbox 183 2279 326 2336; x_wconf 83' lang='lat' dir='ltr'><strong><em>deux·</em></strong></span> <span class='ocrx_word' id='word_1_188' title='bbox 345 2297 547 2336; x_wconf 88' lang='lat' dir='ltr'><strong><em>canons</em></strong></span> <span class='ocrx_word' id='word_1_189' title='bbox 574 2278 854 2336; x_wconf 80' lang='lat' dir='ltr'><strong><em>suivants:</em></strong></span> <span class='ocrx_word' id='word_1_190' title='bbox 889 2277 1169 2335; x_wconf 80' lang='lat' dir='ltr'><strong><em>Homicidis</em></strong></span> <span class='ocrx_word' id='word_1_191' title='bbox 1190 2280 1401 2351; x_wconf 83' lang='lat' dir='ltr'><strong><em>penitus</em></strong></span> <span class='ocrx_word' id='word_1_192' title='bbox 1442 2298 1548 2337; x_wconf 90' lang='lat' dir='ltr'><strong><em>non</em></strong></span> <span class='ocrx_word' id='word_1_193' title='bbox 1585 2285 1962 2339; x_wconf 87' lang='lat' dir='ltr'><strong><em>communican-</em></strong></span> 
     </span>
     <span class='ocr_line' id='line_1_23' title="bbox 82 2377 1963 2451; baseline 0.003 -17"><span class='ocrx_word' id='word_1_194' title='bbox 82 2377 218 2443; x_wconf 79' lang='lat' dir='ltr'><strong><em>dum,</em></strong></span> <span class='ocrx_word' id='word_1_195' title='bbox 236 2378 395 2435; x_wconf 84' lang='lat' dir='ltr'><strong><em>donec</em></strong></span> <span class='ocrx_word' id='word_1_196' title='bbox 414 2396 511 2451; x_wconf 83' lang='lat' dir='ltr'><strong><em>per</em></strong></span> <span class='ocrx_word' id='word_1_197' title='bbox 535 2379 910 2451; x_wconf 83' lang='lat' dir='ltr'><strong><em>confessionem</em></strong></span> <span class='ocrx_word' id='word_1_198' title='bbox 928 2379 1245 2450; x_wconf 79' lang='lat' dir='ltr'><strong><em>poenitentiae</em></strong></span> <span class='ocrx_word' id='word_1_199' title='bbox 1270 2381 1503 2451; x_wconf 86' lang='lat' dir='ltr'><strong><em>ipsorum</em></strong></span> <span class='ocrx_word' id='word_1_200' title='bbox 1524 2382 1743 2438; x_wconf 84' lang='lat' dir='ltr'><strong><em>crimina</em></strong></span> <span class='ocrx_word' id='word_1_201' title='bbox 1762 2382 1963 2439; x_wconf 81' lang='lat' dir='ltr'><strong><em>diluan-</em></strong></span> 
     </span>
     <span class='ocr_line' id='line_1_24' title="bbox 83 2475 1962 2551; baseline 0.002 -19"><span class='ocrx_word' id='word_1_202' title='bbox 83 2481 165 2533; x_wconf 85' lang='lat' dir='ltr'><strong><em>tur</em></strong></span> <span class='ocrx_word' id='word_1_203' title='bbox 191 2476 388 2549; x_wconf 89' lang='lat' dir='ltr'><strong><em>(canon</em></strong></span> <span class='ocrx_word' id='word_1_204' title='bbox 417 2476 512 2549; x_wconf 76' lang='lat'><strong>7⁰).</strong></span> <span class='ocrx_word' id='word_1_205' title='bbox 559 2475 615 2532; x_wconf 88' lang='lat' dir='ltr'><strong><em>Si</em></strong></span> <span class='ocrx_word' id='word_1_206' title='bbox 648 2478 762 2548; x_wconf 87' lang='lat' dir='ltr'><strong><em>quis</em></strong></span> <span class='ocrx_word' id='word_1_207' title='bbox 801 2493 922 2531; x_wconf 87' lang='lat' dir='ltr'><strong><em>vero</em></strong></span> <span class='ocrx_word' id='word_1_208' title='bbox 958 2482 1080 2548; x_wconf 86' lang='lat' dir='ltr'><strong><em>post</em></strong></span> <span class='ocrx_word' id='word_1_209' title='bbox 1123 2484 1387 2550; x_wconf 83' lang='lat' dir='ltr'><strong><em>acceptam</em></strong></span> <span class='ocrx_word' id='word_1_210' title='bbox 1428 2480 1790 2551; x_wconf 70' lang='lat' dir='ltr'><strong><em>paenitentiam</em></strong></span> <span class='ocrx_word' id='word_1_211' title='bbox 1830 2483 1962 2536; x_wconf 87' lang='lat' dir='ltr'><strong><em>sicut</em></strong></span> 
     </span>
     <span class='ocr_line' id='line_1_25' title="bbox 83 2573 1965 2644; baseline 0.003 -14"><span class='ocrx_word' id='word_1_212' title='bbox 83 2576 220 2631; x_wconf 86' lang='lat' dir='ltr'><strong><em>canis</em></strong></span> <span class='ocrx_word' id='word_1_213' title='bbox 248 2576 317 2631; x_wconf 86' lang='lat' dir='ltr'><strong><em>ad</em></strong></span> <span class='ocrx_word' id='word_1_214' title='bbox 340 2576 585 2632; x_wconf 85' lang='lat' dir='ltr'><strong><em>vomitum</em></strong></span> <span class='ocrx_word' id='word_1_215' title='bbox 619 2592 791 2644; x_wconf 88' lang='lat' dir='ltr'><strong><em>suum,</em></strong></span> <span class='ocrx_word' id='word_1_216' title='bbox 835 2577 912 2630; x_wconf 87' lang='lat' dir='ltr'><strong><em>ita</em></strong></span> <span class='ocrx_word' id='word_1_217' title='bbox 949 2575 1018 2630; x_wconf 87' lang='lat' dir='ltr'><strong><em>ad</em></strong></span> <span class='ocrx_word' id='word_1_218' title='bbox 1057 2573 1338 2632; x_wconf 68' lang='lat' dir='ltr'><strong><em>saeculares</em></strong></span> <span class='ocrx_word' id='word_1_219' title='bbox 1381 2577 1665 2644; x_wconf 81' lang='lat' dir='ltr'><strong><em>illecebras,</em></strong></span> <span class='ocrx_word' id='word_1_220' title='bbox 1719 2579 1965 2636; x_wconf 85' lang='lat' dir='ltr'><strong><em>derelicta</em></strong></span> 
     </span>
     <span class='ocr_line' id='line_1_26' title="bbox 83 2672 1966 2746; baseline 0.005 -20"><span class='ocrx_word' id='word_1_221' title='bbox 83 2688 232 2745; x_wconf 86' lang='lat' dir='ltr'><strong><em>quam</em></strong></span> <span class='ocrx_word' id='word_1_222' title='bbox 261 2674 532 2745; x_wconf 79' lang='lat' dir='ltr'><strong><em>professus</em></strong></span> <span class='ocrx_word' id='word_1_223' title='bbox 568 2679 645 2727; x_wconf 90' lang='lat' dir='ltr'><strong><em>est</em></strong></span> <span class='ocrx_word' id='word_1_224' title='bbox 682 2672 1009 2745; x_wconf 68' lang='lat' dir='ltr'><strong><em>paenitentia,</em></strong></span> <span class='ocrx_word' id='word_1_225' title='bbox 1043 2675 1203 2745; x_wconf 81' lang='lat' dir='ltr'><strong><em>fuerit</em></strong></span> <span class='ocrx_word' id='word_1_226' title='bbox 1247 2692 1505 2746; x_wconf 85' lang='lat' dir='ltr'><strong><em>reversus,</em></strong></span> <span class='ocrx_word' id='word_1_227' title='bbox 1543 2695 1577 2733; x_wconf 93' lang='lat' dir='ltr'><strong><em>a</em></strong></span> <span class='ocrx_word' id='word_1_228' title='bbox 1611 2679 1966 2735; x_wconf 85' lang='lat' dir='ltr'><strong><em>communione</em></strong></span> 
     </span>
     <span class='ocr_line' id='line_1_27' title="bbox 84 2766 1965 2849; baseline 0.004 -23"><span class='ocrx_word' id='word_1_229' title='bbox 84 2766 341 2840; x_wconf 70' lang='lat' dir='ltr'><strong><em>Ecclesiae,</em></strong></span> <span class='ocrx_word' id='word_1_230' title='bbox 361 2770 439 2825; x_wconf 88' lang='lat' dir='ltr'><strong><em>vel</em></strong></span> <span class='ocrx_word' id='word_1_231' title='bbox 459 2789 492 2826; x_wconf 91' lang='lat' dir='ltr'><strong><em>a</em></strong></span> <span class='ocrx_word' id='word_1_232' title='bbox 512 2771 740 2826; x_wconf 84' lang='lat' dir='ltr'><strong><em>convivio</em></strong></span> <span class='ocrx_word' id='word_1_233' title='bbox 766 2770 996 2842; x_wconf 78' lang='lat' dir='ltr'><strong><em>fidelium</em></strong></span> <span class='ocrx_word' id='word_1_234' title='bbox 1025 2778 1305 2828; x_wconf 76' lang='lat' dir='ltr'><strong><em>extraneus</em></strong></span> <span class='ocrx_word' id='word_1_235' title='bbox 1333 2774 1600 2844; x_wconf 88' lang='lat' dir='ltr'><strong><em>habeatur,</em></strong></span> <span class='ocrx_word' id='word_1_236' title='bbox 1631 2795 1729 2849; x_wconf 90' lang='lat' dir='ltr'><strong><em>quo</em></strong></span> <span class='ocrx_word' id='word_1_237' title='bbox 1759 2777 1965 2848; x_wconf 82' lang='lat' dir='ltr'><strong><em>facilius</em></strong></span> 
     </span>
     <span class='ocr_line' id='line_1_28' title="bbox 0 2868 1966 2955; baseline 0.005 -32"><span class='ocrx_word' id='word_1_238' title='bbox 0 2920 8 2955; x_wconf 41' lang='grc' dir='ltr'>ἵ</span> <span class='ocrx_word' id='word_1_239' title='bbox 83 2874 133 2923; x_wconf 85' lang='lat' dir='ltr'><strong><em>et</em></strong></span> <span class='ocrx_word' id='word_1_240' title='bbox 152 2870 262 2941; x_wconf 87' lang='lat' dir='ltr'><strong><em>ipse</em></strong></span> <span class='ocrx_word' id='word_1_241' title='bbox 287 2869 726 2941; x_wconf 82' lang='lat' dir='ltr'><strong><em>compunctionem</em></strong></span> <span class='ocrx_word' id='word_1_242' title='bbox 748 2885 846 2940; x_wconf 88' lang='lat' dir='ltr'><strong><em>per</em></strong></span> <span class='ocrx_word' id='word_1_243' title='bbox 872 2868 1004 2924; x_wconf 85' lang='lat' dir='ltr'><strong><em>hanc</em></strong></span> <span class='ocrx_word' id='word_1_244' title='bbox 1030 2872 1386 2942; x_wconf 86' lang='lat' dir='ltr'><strong><em>confusionem</em></strong></span> <span class='ocrx_word' id='word_1_245' title='bbox 1407 2874 1645 2946; x_wconf 81' lang='lat' dir='ltr'><strong><em>accipiat,</em></strong></span> <span class='ocrx_word' id='word_1_246' title='bbox 1668 2882 1718 2930; x_wconf 91' lang='lat' dir='ltr'><strong><em>et</em></strong></span> <span class='ocrx_word' id='word_1_247' title='bbox 1745 2875 1836 2930; x_wconf 86' lang='lat' dir='ltr'><strong><em>alii</em></strong></span> <span class='ocrx_word' id='word_1_248' title='bbox 1856 2877 1966 2948; x_wconf 88' lang='lat' dir='ltr'><strong><em>ejus</em></strong></span> 
     </span>
     <span class='ocr_line' id='line_1_29' title="bbox 85 2963 1965 3049; baseline 0.006 -29"><span class='ocrx_word' id='word_1_249' title='bbox 85 2971 373 3023; x_wconf 86' lang='lat' dir='ltr'><strong><em>terreantur</em></strong></span> <span class='ocrx_word' id='word_1_250' title='bbox 399 2966 655 3040; x_wconf 78' lang='lat' dir='ltr'><strong><em>exemplo.</em></strong></span> <span class='ocrx_word' id='word_1_251' title='bbox 688 2963 837 3039; x_wconf 88' lang='lat' dir='ltr'><strong><em>(Can.</em></strong></span> <span class='ocrx_word' id='word_1_252' title='bbox 864 2967 920 3035; x_wconf 87' lang='lat'><strong><em>8,</em></strong></span> <span class='ocrx_word' id='word_1_253' title='bbox 943 2966 1165 3024; x_wconf 86' lang='lat' dir='ltr'><strong><em>Collect.</em></strong></span> <span class='ocrx_word' id='word_1_254' title='bbox 1187 2970 1388 3027; x_wconf 88' lang='lat' dir='ltr'><strong><em>concil.</em></strong></span> <span class='ocrx_word' id='word_1_255' title='bbox 1413 2971 1602 3039; x_wconf 86' lang='lat' dir='ltr'><strong><em>Coleti‚</em></strong></span> <span class='ocrx_word' id='word_1_256' title='bbox 1623 2978 1664 3028; x_wconf 89' lang='lat' dir='ltr'><strong><em>t.</em></strong></span> <span class='ocrx_word' id='word_1_257' title='bbox 1683 2974 1743 3041; x_wconf 85' lang='lat' dir='ltr'><strong><em>V,</em></strong></span> <span class='ocrx_word' id='word_1_258' title='bbox 1765 2992 1821 3049; x_wconf 90' lang='lat' dir='ltr'><strong><em>p.</em></strong></span> <span class='ocrx_word' id='word_1_259' title='bbox 1847 2975 1965 3047; x_wconf 87' lang='lat'><strong>76.)</strong></span> 
     </span>
    </p>

    <p class='ocr_par' dir='ltr' id='par_1_7' title="bbox 0 3062 1968 3535">
     <span class='ocr_line' id='line_1_30' title="bbox 156 3062 1968 3147; baseline 0.006 -28"><span class='ocrx_word' id='word_1_260' title='bbox 156 3062 198 3119; x_wconf 92' lang='grc'><strong><em>11</em></strong></span> <span class='ocrx_word' id='word_1_261' title='bbox 222 3081 289 3120; x_wconf 91' lang='grc'><strong><em>116</em></strong></span> <span class='ocrx_word' id='word_1_262' title='bbox 309 3082 431 3121; x_wconf 82' lang='lat' dir='ltr'><strong><em>sera</em></strong></span> <span class='ocrx_word' id='word_1_263' title='bbox 450 3083 547 3141; x_wconf 89' lang='lat' dir='ltr'><strong><em>pas</em></strong></span> <span class='ocrx_word' id='word_1_264' title='bbox 565 3065 697 3122; x_wconf 87' lang='lat' dir='ltr'><strong><em>hors</em></strong></span> <span class='ocrx_word' id='word_1_265' title='bbox 714 3065 782 3122; x_wconf 90' lang='lat' dir='ltr'><strong><em>de</em></strong></span> <span class='ocrx_word' id='word_1_266' title='bbox 802 3084 1004 3142; x_wconf 87' lang='lat' dir='ltr'><strong><em>propos</em></strong></span> <span class='ocrx_word' id='word_1_267' title='bbox 1027 3066 1286 3125; x_wconf 84' lang='lat' dir='ltr'><strong><em>d’avertir</em></strong></span> <span class='ocrx_word' id='word_1_268' title='bbox 1306 3087 1415 3144; x_wconf 91' lang='lat' dir='ltr'><strong><em>que</em></strong></span> <span class='ocrx_word' id='word_1_269' title='bbox 1434 3065 1791 3146; x_wconf 85' lang='lat' dir='ltr'><strong><em>l’expression</em></strong></span> <span class='ocrx_word' id='word_1_270' title='bbox 1814 3090 1968 3147; x_wconf 80' lang='lat' dir='ltr'><strong><em>aqere</em></strong></span> 
     </span>
     <span class='ocr_line' id='line_1_31' title="bbox 88 3160 1966 3229; baseline 0.009 -17"><span class='ocrx_word' id='word_1_271' title='bbox 88 3160 432 3229; x_wconf 64' lang='lat' dir='ltr'><strong><em>paenitentiam</em></strong></span> <span class='ocrx_word' id='word_1_272' title='bbox 464 3160 600 3218; x_wconf 90' lang='lat' dir='ltr'><strong><em>dans</em></strong></span> <span class='ocrx_word' id='word_1_273' title='bbox 630 3161 711 3218; x_wconf 86' lang='lat' dir='ltr'><strong><em>les</em></strong></span> <span class='ocrx_word' id='word_1_274' title='bbox 745 3180 952 3219; x_wconf 90' lang='lat' dir='ltr'><strong><em>canons</em></strong></span> <span class='ocrx_word' id='word_1_275' title='bbox 995 3163 1091 3221; x_wconf 91' lang='lat' dir='ltr'><strong><em>des</em></strong></span> <span class='ocrx_word' id='word_1_276' title='bbox 1120 3164 1282 3223; x_wconf 81' lang='lat' dir='ltr'><strong><em>Peres</em></strong></span> <span class='ocrx_word' id='word_1_277' title='bbox 1323 3166 1488 3224; x_wconf 81' lang='lat' dir='ltr'><strong><em>latins</em></strong></span> <span class='ocrx_word' id='word_1_278' title='bbox 1529 3169 1859 3227; x_wconf 84' lang='lat' dir='ltr'><strong><em>s’entendait</em></strong></span> <span class='ocrx_word' id='word_1_279' title='bbox 1899 3173 1966 3228; x_wconf 92' lang='lat' dir='ltr'><strong><em>de</em></strong></span> 
     </span>
     <span class='ocr_line' id='line_1_32' title="bbox 93 3251 1966 3341; baseline 0.01 -33.184"><span class='ocrx_word' id='word_1_280' title='bbox 93 3251 147 3309; x_wconf 83' lang='lat' dir='ltr'><strong><em>la</em></strong></span> <span class='ocrx_word' id='word_1_281' title='bbox 179 3256 459 3327; x_wconf 75' lang='lat' dir='ltr'><strong><em>penitence</em></strong></span> <span class='ocrx_word' id='word_1_282' title='bbox 499 3260 784 3336; x_wconf 91' lang='lat' dir='ltr'><strong><em>publique.</em></strong></span> <span class='ocrx_word' id='word_1_283' title='bbox 828 3261 1002 3318; x_wconf 87' lang='lat' dir='ltr'><strong><em>Morin</em></strong></span> <span class='ocrx_word' id='word_1_284' title='bbox 1028 3263 1081 3319; x_wconf 94' lang='lat' dir='ltr'><strong><em>le</em></strong></span> <span class='ocrx_word' id='word_1_285' title='bbox 1121 3282 1326 3339; x_wconf 85' lang='lat' dir='ltr'><strong><em>prouve</em></strong></span> <span class='ocrx_word' id='word_1_286' title='bbox 1356 3280 1421 3323; x_wconf 76' lang='lat' dir='ltr'><strong><em>ea:</em></strong></span> <span class='ocrx_word' id='word_1_287' title='bbox 1456 3271 1697 3341; x_wconf 81' lang='lat' dir='ltr'><strong><em>professo</em></strong></span> <span class='ocrx_word' id='word_1_288' title='bbox 1739 3269 1873 3325; x_wconf 88' lang='lat' dir='ltr'><strong><em>dans</em></strong></span> <span class='ocrx_word' id='word_1_289' title='bbox 1914 3269 1966 3326; x_wconf 91' lang='lat' dir='ltr'><strong><em>le</em></strong></span> 
     </span>
     <span class='ocr_line' id='line_1_33' title="bbox 95 3346 1962 3440; baseline 0.007 -36"><span class='ocrx_word' id='word_1_290' title='bbox 95 3346 336 3422; x_wconf 84' lang='lat' dir='ltr'><strong><em>chapitre</em></strong></span> <span class='ocrx_word' id='word_1_291' title='bbox 355 3360 442 3409; x_wconf 73' lang='lat' dir='ltr'><strong><em>vn‘</em></strong></span> <span class='ocrx_word' id='word_1_292' title='bbox 465 3356 538 3412; x_wconf 85' lang='lat' dir='ltr'><strong><em>du</em></strong></span> <span class='ocrx_word' id='word_1_293' title='bbox 559 3355 641 3412; x_wconf 76' lang='lat' dir='ltr'><strong><em>1v0</em></strong></span> <span class='ocrx_word' id='word_1_294' title='bbox 666 3357 802 3416; x_wconf 77' lang='lat' dir='ltr'><strong><em>livre</em></strong></span> <span class='ocrx_word' id='word_1_295' title='bbox 828 3358 894 3415; x_wconf 94' lang='lat' dir='ltr'><strong><em>de</em></strong></span> <span class='ocrx_word' id='word_1_296' title='bbox 919 3377 1021 3416; x_wconf 91' lang='lat' dir='ltr'><strong><em>son</em></strong></span> <span class='ocrx_word' id='word_1_297' title='bbox 1046 3378 1303 3436; x_wconf 77' lang='lat' dir='ltr'><strong><em>ouvrage.</em></strong></span> <span class='ocrx_word' id='word_1_298' title='bbox 1345 3362 1415 3420; x_wconf 92' lang='lat' dir='ltr'><strong><em>Ce</em></strong></span> <span class='ocrx_word' id='word_1_299' title='bbox 1440 3364 1688 3440; x_wconf 87' lang='lat' dir='ltr'><strong><em>chapitre</em></strong></span> <span class='ocrx_word' id='word_1_300' title='bbox 1714 3371 1797 3422; x_wconf 86' lang='lat' dir='ltr'><strong><em>est</em></strong></span> <span class='ocrx_word' id='word_1_301' title='bbox 1822 3363 1962 3420; x_wconf 87' lang='lat' dir='ltr'><strong><em>ainsi</em></strong></span> 
     </span>
     <span class='ocr_line' id='line_1_34' title="bbox 0 3444 1966 3535; baseline 0.008 -36"><span class='ocrx_word' id='word_1_302' title='bbox 0 3512 4 3525; x_wconf 82' lang='lat'>.</span> <span class='ocrx_word' id='word_1_303' title='bbox 94 3444 350 3503; x_wconf 80' lang='lat' dir='ltr'><strong><em>intitule:</em></strong></span> <span class='ocrx_word' id='word_1_304' title='bbox 381 3449 504 3507; x_wconf 87' lang='lat' dir='ltr'><strong><em>Cum</em></strong></span> <span class='ocrx_word' id='word_1_305' title='bbox 535 3448 594 3509; x_wconf 81' lang='lat' dir='ltr'><strong><em>in</em></strong></span> <span class='ocrx_word' id='word_1_306' title='bbox 633 3454 911 3514; x_wconf 85' lang='lat' dir='ltr'><strong><em>latinorum</em></strong></span> <span class='ocrx_word' id='word_1_307' title='bbox 949 3458 1168 3516; x_wconf 87' lang='lat' dir='ltr'><strong><em>Patrum</em></strong></span> <span class='ocrx_word' id='word_1_308' title='bbox 1209 3460 1488 3518; x_wconf 83' lang='lat' dir='ltr'><strong><em>canonibus</em></strong></span> <span class='ocrx_word' id='word_1_309' title='bbox 1528 3471 1619 3519; x_wconf 89' lang='lat' dir='ltr'><strong><em>aut</em></strong></span> <span class='ocrx_word' id='word_1_310' title='bbox 1659 3465 1865 3535; x_wconf 84' lang='lat' dir='ltr'><strong><em>scriptis</em></strong></span> <span class='ocrx_word' id='word_1_311' title='bbox 1897 3461 1966 3516; x_wconf 79' lang='lat' dir='ltr'><strong><em>ad</em></strong></span> 
     </span>
    </p>
   </div>
   <div class='ocr_carea' id='block_1_7' title="bbox 87 3546 1961 3724">
    <p class='ocr_par' dir='ltr' id='par_1_8' title="bbox 87 3546 1961 3724">
     <span class='ocr_line' id='line_1_35' title="bbox 87 3546 1961 3629; baseline 0.011 -33"><span class='ocrx_word' id='word_1_312' title='bbox 87 3546 444 3616; x_wconf 69' lang='lat' dir='ltr'><strong><em>paenitentiam</em></strong></span> <span class='ocrx_word' id='word_1_313' title='bbox 480 3560 767 3621; x_wconf 86' lang='lat' dir='ltr'><strong><em>monentur,</em></strong></span> <span class='ocrx_word' id='word_1_314' title='bbox 795 3563 1047 3628; x_wconf 76' lang='lat' dir='ltr'><strong><em>arqentur</em></strong></span> <span class='ocrx_word' id='word_1_315' title='bbox 1082 3566 1175 3615; x_wconf 88' lang='lat' dir='ltr'><strong><em>aut</em></strong></span> <span class='ocrx_word' id='word_1_316' title='bbox 1196 3560 1522 3622; x_wconf 54' lang='lat' dir='ltr'><strong><em>,damnantur</em></strong></span> <span class='ocrx_word' id='word_1_317' title='bbox 1557 3563 1826 3617; x_wconf 86' lang='lat' dir='ltr'><strong><em>criminum</em></strong></span> <span class='ocrx_word' id='word_1_318' title='bbox 1864 3560 1961 3629; x_wconf 89' lang='lat' dir='ltr'><strong><em>rei,</em></strong></span> 
     </span>
     <span class='ocr_line' id='line_1_36' title="bbox 89 3642 965 3724; baseline 0.016 -30"><span class='ocrx_word' id='word_1_319' title='bbox 89 3642 393 3713; x_wconf 83' lang='lat' dir='ltr'><strong><em>poenitentia</em></strong></span> <span class='ocrx_word' id='word_1_320' title='bbox 412 3643 619 3716; x_wconf 76' lang='lat' dir='ltr'><strong><em>publica</em></strong></span> <span class='ocrx_word' id='word_1_321' title='bbox 646 3649 965 3724; x_wconf 80' lang='lat' dir='ltr'><strong><em>intelliqitur.</em></strong></span> 
     </span>
    </p>
   </div>
  </div>
 </body>
</html>
