2340 3990
856 313 985 363 PARS
1013 311 1234 367 QUARTA.
1891 315 1979 362 189

119 425 368 500 l’empire
392 422 723 491 d’Occident,
746 420 891 480 deux
910 425 1137 476 auteurs
1161 417 1571 490 remarquahles
1599 416 1695 491 qui
1717 423 1814 474 ont
1841 417 1981 474 ecrit

118 526 149 580 a
174 522 452 598 plusieurs
479 519 670 577 siecles
697 517 766 574 de
792 515 1059 581 distance,
1086 515 1260 571 Raoul
1286 514 1483 571 Glaber
1506 519 1559 571 et
1582 514 1822 588 Sigonio.

191 618 363 675 Raoul
377 617 590 684 Glaber‚
609 613 788 670 moine
803 612 871 668 de
896 612 1089 685 Cluny,
1111 612 1206 685 qui
1223 630 1478 685 composa
1501 629 1598 669 son
1616 612 1841 669 histoire
1859 631 1979 669 vers

120 718 173 773 le
195 714 383 771 milieu
405 712 479 769 du
493 709 736 766 onzieme
751 707 936 773 siecle,
955 707 1247 781 s’exprime
1269 709 1407 765 ainsi
1429 709 1545 781 (1.1,
1569 727 1617 764 e.
1633 709 1681 781 v)
1703 730 1714 763 :
1738 709 1874 765 Illud
1899 713 1978 766 ni-

121 818 278 871 mium
301 812 574 869 condecens
596 825 656 863 ac
674 807 1037 879 perhonestum
1072 807 1296 875 videtur,
1317 815 1473 877 aune
1495 809 1565 863 ad
1584 811 1728 880 pacis
1767 809 1979 864 tutelam

121 915 363 986 optimum
381 909 653 971 decretum,
666 906 862 961 scilicet
878 913 933 959 ut
952 923 1018 959 ne
1034 907 1302 976 quisquam
1323 907 1573 961 audacter
1588 907 1807 963 Romani
1828 911 1983 980 impe-

120 1012 186 1066 rii
213 1013 460 1080 sceptrum
480 1021 845 1077 praeproperus
860 1010 1060 1072 ‚qestare
1071 1005 1314 1075 princeps
1335 1013 1570 1075 appetat,
1585 1024 1677 1060 seu
1701 1009 1982 1078 imperator

120 1107 216 1163 dim·
243 1111 332 1160 aut
354 1119 461 1157 esse
490 1101 677 1164 valeat,
707 1101 807 1154 nisi
837 1117 985 1170 quem
1019 1117 1162 1170 papa
1187 1100 1325 1153 sedis
1354 1099 1604 1155 Romanae
1636 1119 1837 1157 morum
1862 1122 1982 1175 pro-

117 1202 271 1256 bitate
289 1199 526 1268 deleyerit
554 1204 732 1268 aptum
753 1196 1062 1267 reipublicae,
1088 1197 1234 1266 eique
1263 1199 1572 1251 commiserit
1599 1201 1799 1269 insiyne
1825 1203 1980 1272 impe-

111 1295 257 1351 riale.
293 1294 419 1351 Cum
448 1292 677 1348 videlicet
712 1292 832 1347 olim
866 1293 1047 1363 ubique
1076 1299 1333 1346 terrarum
1374 1292 1585 1362 quilibet
1624 1298 1832 1365 tyranni
1870 1315 1982 1351 sese

106 1391 389 1460 procaciter
428 1389 741 1460 impellentes
777 1388 1060 1459 saepissime
1101 1389 1206 1441 sint
1246 1390 1582 1459 ‘imperatores
1615 1392 1792 1460 creati,
1827 1399 1982 1462 utque

112 1505 169 1541 eo
194 1489 359 1541 minus
398 1489 506 1557 apti
543 1485 846 1557 reipublicae,
875 1502 971 1555 quo
1005 1491 1206 1539 consta-t
1242 1502 1326 1539 cos
1370 1486 1662 1558 tyrannide,
1692 1506 1844 1559 quum
1868 1492 1980 1561 pie-

121 1587 240 1637 tatis
265 1585 577 1637 authoritate
612 1584 936 1654 processisse.
981 1581 1077 1637 Ces
1104 1582 1396 1638 reflexions
1443 1589 1566 1638 sont
1609 1583 1773 1640 d'une
1815 1587 1982 1643 haute

115 1681 318 1750 portee.
362 1678 622 1750 L’einpire
659 1677 970 1732 d'Oceident
1017 1678 1304 1732 renouvele
1342 1697 1412 1733 au
1464 1679 1750 1734 neuvieme
1793 1680 1979 1752 siecle,

115 1772 444 1829 c'est-a·dire
470 1774 496 1826 a
524 1790 629 1828 une
657 1775 867 1846 epoque
897 1775 966 1828 οὺ
995 1774 1087 1828 des
1124 1774 1354 1846 peuples
1395 1793 1591 1831 encore
1629 1776 1888 1832 barbares
1929 1787 1981 1835 et

114 1870 605 1924 continuellement
651 1887 717 1924 en
758 1886 953 1942 guerre
999 1869 1243 1926 tenaient
1299 1871 1433 1926 dans
1483 1891 1592 1927 une
1642 1876 1983 1947 perpetuelle

114 1965 372 2038 agitation
400 1965 477 2020 les
511 1965 735 2021 societes
775 1967 1181 2022 nouvellement
1211 1967 1471 2036 fumeas,
1503 1970 1684 2025 saisait
1722 1974 1981 2028 suceeder

112 2064 139 2116 a
167 2080 227 2117 ce
252 2061 508 2117 desordre
535 2062 808 2118 universel
852 2082 924 2118 un
965 2064 1210 2137 principe
1236 2065 1301 2119 de
1328 2067 1450 2138 paix
1480 2071 1532 2120 et
1573 2067 1813 2133 d’unite;
1848 2075 1897 2125 et
1928 2070 1979 2125 la

109 2159 326 2214 solidite
370 2160 435 2214 de
474 2177 533 2215 ee
582 2159 829 2233 principe
875 2161 1110 2234 reposait
1150 2163 1518 2234 precisement
1560 2165 1695 2220 dans
1743 2167 1794 2221 le
1835 2168 1980 2224 droit

110 2259 359 2328 supreme
384 2255 456 2310 du
483 2273 617 2329 pape
645 2273 745 2328 par
772 2263 992 2329 rapport
1014 2260 1039 2311 ἐι
1067 2257 1341 2314 l'eleetion
1371 2265 1426 2314 et
1449 2278 1518 2315 au
1546 2274 1979 2322 eouronnement

110 2351 175 2406 de
208 2351 552 2425 l'empereur.
586 2353 774 2416 Quand
804 2358 982 2408 meme
1010 2373 1068 2409 ce
1095 2356 1268 2426 grand
1311 2358 1634 2414 evenement
1676 2361 1856 2415 aurait
1896 2366 1981 2420 ete

112 2447 279 2503 l’efset
303 2449 466 2505 d'une
490 2450 676 2524 pieuse
704 2468 895 2506 erreur
922 2469 1019 2506 sur
1056 2451 1329 2508 l'etendue
1357 2461 1410 2509 et
1444 2455 1495 2508 la
1522 2461 1718 2512 nature
1744 2458 1815 2512 du
1846 2478 1980 2532 pou-

114 2543 228 2598 voir
265 2547 441 2618 papal,
484 2546 522 2601 il
562 2547 689 2603 n’en
720 2549 899 2604 aurait
936 2567 1031 2622 pas
1068 2550 1250 2605 moins
1293 2553 1378 2606 ete
1420 2570 1494 2606 un
1537 2555 1711 2625 grand
1751 2556 1980 2612 biensait

114 2656 252 2712 pour
279 2640 616 2700 l’humanite.

185 2736 359 2800 Quant
385 2757 452 2794 au
484 2740 581 2797 but
608 2742 683 2798 du
706 2743 1020 2816 saint-siege
1045 2745 1180 2800 dans
1208 2751 1348 2802 cette
1375 2747 1691 2805 institution
1719 2754 1975 2810 nouvelle

112 2850 181 2886 ou
208 2834 380 2906 plutot
408 2839 750 2908 renouvelee‚
775 2840 827 2894 le
849 2847 1036 2896 savant
1076 2842 1295 2915 Sigonio
1327 2844 1567 2918 l'expose
1600 2849 1865 2904 tres-bien
1906 2868 1974 2905 cn

106 2946 165 2984 ce
197 2947 300 3003 peu
331 2931 396 2987 de
438 2940 614 2990 mots:
645 2936 789 2991 Hune
825 2938 1089 3009 diynitatis
1126 2943 1477 3013 imperatoriae
1522 2947 1745 3016 titulum,
1778 2953 1888 3003 cnm
1922 2951 1973 3004 in

106 3026 346 3098 Momyllo
390 3029 692 3103 Anqustulo,
743 3034 920 3089 ultimo
978 3035 1263 3093 Occidentis
1316 3043 1646 3114 ini-peratore,
1697 3054 1817 3101 ante
1863 3047 1970 3102 500

111 3120 269 3188 ferme
299 3143 458 3181 annos
478 3129 569 3183 sub
594 3147 802 3200 reynum
831 3133 1111 3190 Gothorum
1140 3138 1196 3190 in
1220 3136 1378 3192 Italia
1403 3140 1694 3212 defecisset,
1715 3146 1768 3197 in
1793 3146 1967 3198 eodem

113 3214 364 3276 Occidenti
390 3224 626 3298 Pontifex
651 3233 934 3296 renovavit,
956 3239 1013 3286 ut
1040 3233 1247 3287 haberet
1272 3235 1498 3292 Ecclesia
1530 3239 1767 3295 Romana
1794 3242 1970 3295 adrer-

113 3325 199 3362 sus
223 3313 466 3382 infideles,
494 3318 757 3379 haereticos
784 3332 834 3379 et
863 3327 1133 3384 seditiosos
1177 3338 1418 3398 tutorem,
1453 3335 1593 3405 cujus
1622 3337 1860 3411 officium,
1891 3351 1968 3386 re-

108 3405 350 3473 pudiasse
379 3411 684 3484 jampridem
726 3422 1004 3493 imperator
1058 3425 1280 3483 Orientis
1338 3431 1615 3486 videretur.
1665 3431 1755 3503 (De
1781 3431 1964 3499 Regno

111 3502 294 3572 ltaliae,
318 3504 355 3558 l.
380 3506 460 3572 IV,
485 3510 552 3564 ad
575 3527 780 3571 annum
804 3517 957 3592 801.)

182 3598 274 3652 ‘22⁰
302 3597 631 3661 Concluons:
659 3608 727 3667 de
761 3628 820 3668 ce
854 3623 1071 3673 concert
1095 3620 1162 3676 de
1190 3622 1560 3693 temoignages
1600 3619 1956 3694 historiques,
