2340 3990
940 1050 1321 1139 INDEX

437 1271 703 1334 JUXTA
759 1271 1349 1333 MATERIARUM
1415 1272 1822 1337 ORDINEM

843 1460 866 1473 κ
1020 1441 1146 1479 ΤΟΜΙ
1184 1440 1247 1477 111

191 1897 394 1937 Pnooeinui(
400 1920 1937 1940 ..............................

294 1965 318 2016 g
343 1963 382 2003 1.
406 1986 458 1992 -
483 1966 541 2002 An
561 1967 602 2002 et
622 1974 705 2013 quo
734 1972 856 2002 sensu
880 1960 1054 2002 Romani
1078 1958 1295 2000 Pontificis
1328 1959 1608 2001 infallibilitas
1633 1959 1689 2000 sit
1706 1960 1947 2014 personalis

349 2035 391 2072 et
406 2033 607 2083 separata
614 2056 1935 2074 ..........................

346 2098 472 2150 Prop.
498 2098 549 2137 1⁸.
578 2118 625 2125 —
650 2096 857 2136 Romanus
883 2094 1084 2146 Pontifex,
1117 2094 1242 2135 etiam
1268 2099 1473 2145 quatenus
1494 2094 1716 2136 distinctus
1736 2107 1759 2135 a
1783 2094 1947 2147 reliquo

402 2164 590 2205 Ecclesiae
616 2175 802 2216 corpore,
832 2168 895 2205 est
928 2162 1170 2214 subJectum
1193 2162 1505 2203 infallibilitatis
1511 2194 1943 2208 .........

345 2231 467 2283 Prop.
496 2230 569 2270 11⁸.
588 2228 806 2281 —Corpus
824 2228 1139 2281 Episcoporum,
1163 2232 1371 2279 quatenus
1387 2229 1671 2280 complectens
1689 2233 1809 2280 caput
1826 2239 1949 2268 suum

395 2297 630 2337 Romanum
655 2296 913 2344 Pontificem,
941 2300 1005 2336 est
1031 2295 1351 2336 infallibilitatis
1367 2295 1600 2347 subjectum
1612 2325 1941 2337 .......

342 2365 469 2416 Prop.
500 2365 593 2404 111⁸.
611 2387 664 2394 —
677 2364 831 2417 Corpus
852 2356 1164 2415 Episcoporum,
1183 2367 1395 2414 quatenus
1418 2362 1664 2404 distinctum
1683 2375 1705 2403 a
1724 2363 1858 2414 capite
1874 2373 1950 2403 suo

395 2430 579 2470 Romano
598 2431 807 2476 Pontifices.
830 2442 912 2470 non
930 2436 992 2471 est
1009 2430 1246 2480 subjectum
1264 2428 1593 2479 infallibilitatis,
1611 2430 1692 2470 nisi
1708 2430 1750 2469 in
1764 2441 1813 2470 eo
1823 2441 1950 2470 sensu

397 2496 510 2547 quod
534 2508 700 2547 semper
719 2497 890 2537 extituri
912 2498 998 2538 sint
1021 2498 1143 2539 multi
1165 2497 1360 2549 Episcopi
1383 2497 1570 2537 Romano
1596 2497 1786 2537 Pontifici
1809 2496 1946 2548 quoad

398 2568 525 2608 fidem
552 2570 861 2610 consentientes
890 2575 929 2609 et
953 2569 1231 2621 obsequentes
1244 2597 1941 2612 ..............

343 2637 470 2688 Prop.
500 2637 584 2677 11³¹.
599 2659 651 2666 —
667 2636 748 2676 Alii
769 2642 924 2688 praeter
944 2636 1164 2688 Episcopos
1178 2635 1398 2676 christiani
1414 2646 1498 2675 non
1515 2640 1615 2677 sunt
1640 2634 1952 2676 infallibilitatis

398 2703 650 2755 subJectum,
671 2702 750 2744 nisi
774 2703 816 2743 in
844 2715 893 2744 eo
914 2714 1039 2743 sensu
1069 2703 1180 2755 quod
1210 2714 1378 2753 semper
1401 2702 1573 2743 extituri
1603 2703 1689 2743 sint
1707 2702 1830 2742 multi
1850 2702 1953 2742 fide-

399 2770 475 2816 les,
505 2769 698 2809 Ecclesiae
720 2769 971 2819 gubernanti
991 2769 1130 2820 quoad
1147 2769 1271 2809 fizlem
1294 2769 1559 2809 adhaerentes
1583 2772 1623 2808 et
1647 2768 1939 2817 obsequentes.

349 2837 473 2888 I’rop.
506 2835 567 2875 γ’.
593 2857 645 2866 -
659 2835 765 2886 Ergo
779 2847 1006 2876 erroneum
1022 2841 1085 2875 est
1106 2840 1285 2886 systema
1311 2834 1656 2877 infallibilitatem
1675 2833 1731 2873 ita
1749 2844 1956 2885 reponens
1970 2877 1991 2892 ·

398 2901 442 2941 in
471 2905 618 2941 senatu
640 2911 712 2941 seu
737 2900 914 2951 collegio
938 2901 1248 2952 Episcoporum,
1269 2904 1317 2939 ut
1340 2899 1480 2940 nullus
1507 2899 1728 2951 Episcopus
1750 2903 1957 2950 quatenus

403 2970 453 3009 ab
482 2969 562 3009 isto
583 2968 759 3019 collegio
783 2968 1021 3018 distinctus,
1045 2969 1098 3009 sit
1123 2967 1439 3009 infallibilitatis
1460 2967 1697 3018 subjectum
1705 2997 1949 3009 ......

347 3035 473 3088 Prop.
513 3035 591 3075 ΥΡ.
606 3056 655 3064 -
677 3033 783 3085 Ergo
808 3045 1029 3074 erroneum
1049 3039 1113 3075 est
1135 3039 1315 3086 systema
1331 3033 1675 3074 infallibilitatem
1700 3044 1782 3073 non
1806 3043 1956 3083 agnos-

400 3113 498 3141 cens
527 3100 607 3142 nisi
627 3100 670 3140 in
689 3101 908 3152 conjuncto
926 3112 1132 3142 consensu
1157 3100 1304 3152 capitis
1333 3106 1375 3141 et
1403 3101 1611 3153 corporis3
1647 3100 1706 3140 ita
1730 3100 1886 3141 scilicet
1904 3105 1953 3140 ut

400 3180 477 3210 nec
500 3169 606 3220 Papa
625 3173 830 3222 quatenus
856 3168 1079 3209 distinctus
1097 3169 1148 3209 ab
1169 3169 1469 3220 Episcoporum
1492 3180 1679 3220 corpore,
1701 3179 1778 3209 nec
1801 3179 1951 3219 corpus

401 3234 697 3286 Episcoporum
715 3241 924 3288 quatenus
947 3235 1192 3276 distinctum
1224 3247 1248 3275 a
1273 3235 1398 3288 Papa,
1427 3234 1725 3275 infallibilitate
1747 3234 1949 3286 potiatur.

349 3302 476 3354 Prop.
514 3301 614 3341 rw.
644 3323 696 3332 —-
721 3302 828 3352 Ergo
846 3314 1069 3344 erroneum
1095 3308 1158 3343 est
1193 3306 1386 3354 systema,
1416 3314 1499 3355 quo
1523 3300 1758 3342 infallibilis
1781 3299 1953 3352 quidem

400 3368 506 3419 Papa
542 3368 793 3417 declaratur,
834 3370 906 3410 sed
945 3370 1206 3411 solummodo
1243 3375 1453 3422 quatenus
1486 3369 1838 3417 instrumentum,
1871 3379 1950 3419 per

401 3435 513 3487 quod
531 3434 722 3476 Ecclesiae
749 3435 851 3476 fides
867 3441 1033 3477 resonat
1054 3443 1095 3477 et
1116 3438 1304 3478 edicitur
1311 3464 1944 3481 .............

351 3502 477 3554 Prop.
513 3502 635 3542 V111·.
659 3523 714 3531 -
731 3502 902 3542 Romani
927 3503 1138 3544 pontificis
1164 3504 1444 3546 infallibilitas
1463 3509 1525 3545 est
1550 3504 1782 3557 personalis
1800 3505 1844 3544 in
1859 3515 1955 3545 vero

405 3579 451 3608 ac
476 3569 607 3620 magis
624 3569 744 3610 obvio
772 3570 901 3622 hujus
917 3570 1028 3611 vocis
1056 3583 1201 3623 sensu,
1219 3573 1316 3615 licet
1339 3571 1574 3626 personalis
1601 3583 1685 3612 non
1709 3571 1759 3611 sit
1789 3571 1833 3611 in
1860 3570 1953 3612 aliis

409 3636 550 3678 minus
574 3636 707 3678 obviis
730 3637 922 3678 sensibus
945 3669 1532 3686 ............
1551 3667 1564 3689 Ι
1575 3669 1948 3683 ........

2062 1906 2077 1933 1

2038 2304 2079 2333 IV

2028 2780 2081 2807 VH

2037 2982 2089 3010 Vn

2033 3245 2087 3274 ΥῙΙ

2015 3447 2086 3488 νη,

2063 3651 2089 3678 ¹
