2340 3990
853 358 982 406 PARS
1011 356 1190 411 QUINTA
1200 390 1212 402 .
1254 367 1277 374 ’
1885 353 1975 402 329

20 454 26 514 ι’
105 455 328 528 modum
358 469 461 525 sibi
498 467 803 543 praefixum.
840 466 975 521 Item
1011 463 1282 536 intellige,
1319 461 1430 518 sive
1461 460 1618 518 sedes
1646 459 1971 536 episcopalis

11 549 25 620 ἶ
102 575 253 626 vacet
278 568 391 622 sive
426 583 532 621 non
558 570 732 621 vacet.
762 563 894 618 Item
922 562 1189 634 intellige,
1224 560 1335 616 sive
1365 559 1661 633 Episcopus
1700 558 1843 614 male
1870 564 1972 633 gu·-

14 719 18 722 ,
102 664 316 732 bernet,
345 662 415 718 sit
450 677 774 735 suspensuS,
801 665 933 726 etc.,
972 658 1084 713 sive
1117 659 1328 730 absque
1356 657 1470 712 ullo
1503 657 1680 731 ipsius
1711 655 1969 725 crimine,

101 761 253 817 verbi
279 760 472 832 gratia,
512 759 581 813 ob
614 757 857 826 senium,
901 756 988 810 vel
1028 773 1090 810 ex
1127 773 1190 810 eo
1220 754 1366 828 quod
1406 754 1612 824 exulet,
1646 754 1824 810 velex
1851 753 1974 810 aliis

100 855 534 914 circumstantiis
560 854 614 909 id
647 855 784 909 utile
809 853 1189 909 suadentibus,
1222 886 1297 893 -—
1323 852 1587 924 Sequitur
1619 869 1685 908 ex
1721 851 1978 925 jurisdic-

99 953 244 1008 tione
281 951 558 1007 ordinaria
593 956 646 1006 et,
682 950 999 1006 immediata
1036 949 1267 1005 Romani
1297 949 1573 1004 Pontiticis
1613 948 1670 1003 in
1707 965 1899 1005 omnes
1926 955 1977 1006 et

97 1049 343 1122 singulas
386 1049 665 1104 dioeceses,
716 1081 784 1090 -—
838 1048 969 1103 Item
1012 1065 1076 1103 ex
1123 1064 1187 1102 eo
1239 1047 1386 1118 quod
1438 1046 1611 1120 possit
1654 1046 1969 1121 Episcop05‚

98 1145 263 1199 etiam
296 1145 504 1217 absque
534 1145 649 1199 ullo
683 1144 928 1217 ipsorum
967 1142 1222 1204 crimine,
1261 1141 1414 1195 omni
1452 1141 1840 1213 jurisdictione
1864 1142 1976 1215 pri-

97 1259 242 1306 vare,
286 1248 338 1296 et
375 1242 511 1296 alios
552 1241 844 1314 Episcopos
888 1239 1025 1310 ipsis
1065 1237 1419 1294 substituere.
1466 1237 1520 1291 Si
1570 1238 1770 1307 notuit,
1814 1239 1971 1295 verbi

94 1338 283 1410 gratia,
313 1338 437 1392 Pius
462 1337 544 1391 Vll
572 1355 761 1391 omnes
791 1335 1090 1391 Galliarum
1123 1333 1439 1406 EpiscopOS,
1475 1333 1655 1389 etiam.
1684 1333 1882 1390 invitos
1916 1341 1969 1390 et

95 1430 360 1503 innoxios,
406 1432 699 1504 deponere,
734 1436 796 1486 ut
836 1448 1031 1485 novam
1074 1434 1334 1485 statueret
1377 1427 1693 1483 dioecesium
1735 1427 1971 1483 circum·

98 1527 474 1600 scriptionem,
495 1545 593 1582 cur
621 1545 730 1581 non
758 1532 938 1599 posset
962 1526 1195 1598 quilibet
1216 1525 1479 1590 PontiseX‚
1506 1543 1724 1597 gravem
1751 1525 1820 1581 ob
1843 1542 1971 1580 cau-

97 1641 233 1690 sam,
272 1624 507 1695 alicujus
547 1624 795 1680 dioecesis
835 1624 1057 1697 praesuli
1092 1622 1539 1696 jurisdictionem
1582 1623 1849 1693 adimere,
1889 1640 1970 1680 re-

94 1717 223 1773 licto
262 1717 362 1789 ipsi
397 1719 510 1773 solo
548 1719 730 1788 titulo,
762 1725 814 1774 et
846 1719 919 1773 ibi
964 1718 1300 1774 constituere
1341 1718 1840 1774 administratorem
1878 1719 1965 1775 vel

94 1812 363 1869 vicarium
395 1815 780 1887 apostolicum,
821 1815 913 1888 qui
949 1815 1318 1888 episcopalem
1348 1814 1793 1887 jurisdictionem
1822 1831 1970 1870 exer·

96 1913 247 1965 cent?
268 1943 332 1951 -
358 1912 412 1965 Id
445 1917 723 1984 peractum
752 1911 997 1984 Lugduni
1028 1911 1204 1984 quoad
1237 1911 1572 1965 cardinalem
1596 1910 1785 1965 Fesch.
1809 1910 1970 1985 Equi·

96 2006 219 2060 dem
258 2006 430 2080 ipsius
470 2008 707 2063 vicarius
744 2009 1011 2080 generalis
1050 2008 1317 2075 Bochard,
1362 2007 1623 2062 fundator
1662 2012 1715 2062 et
1754 2006 1969 2080 primus

97 2102 350 2174 superior
391 2103 831 2176 congregationis
873 2105 1200 2160 clericorum
1245 2104 1342 2177 qui
1389 2104 1653 2158 dicuntur
1694 2104 1766 2157 les
1809 2102 1971 2158 Char-

100 2205 269 2269 trenoe,
295 2200 574 2254 constituti
593 2197 1055 2256 administratoris
1081 2202 1146 2256 de
1162 2202 1289 2257 Pins
1311 2200 1754 2274 jurisdictionem
1775 2217 1972 2273 agnos-

96 2311 217 2351 cere
250 2297 534 2352 rccusavit.
576 2298 677 2354 Sed
715 2299 780 2354 de
812 2298 928 2371 ipso
963 2298 1044 2353 sic
1071 2298 1170 2352 Leo
1208 2299 1348 2371 Papa
1379 2298 1462 2351 XII
1489 2299 1545 2352 in
1567 2316 1666 2352 suo
1704 2297 1860 2352 Brevi
1893 2294 1965 2351 28

97 2393 411 2448 novembris
448 2394 588 2449 1826
627 2396 694 2450 ad
715 2395 1258 2451 Reverendissimum
1284 2395 1443 2450 Devie
1468 2395 1824 2450 Bellicensem
1847 2394 1969 2468 Epi-

99 2507 321 2562 scopum
354 2513 364 2544 :
402 2492 612 2547 «Omni
639 2500 823 2548 autem
859 2494 1278 2567 Archiepiscopo
1305 2493 1572 2548 cardinali
1603 2493 1859 2567 adempto
1876 2493 1967 2565 ju-

98 2583 435 2642 risdictionis
461 2587 718 2643 exercitio
759 2588 862 2642 ista
898 2589 954 2643 in
985 2588 1229 2658 dioecesi,
1266 2588 1398 2643 satis
1426 2588 1618 2643 mirari
1647 2606 1757 2643 non
1781 2604 1972 2660 possu-

98 2698 220 2737 mus
250 2702 368 2755 quae
404 2684 470 2739 de
491 2687 900 2756 pseudo-vicario
931 2687 1205 2742 Bocbardo
1230 2686 1531 2758 significas,
1566 2689 1708 2758 cujus
1743 2687 1965 2740 andacia

91 2779 201 2847 jam
230 2782 280 2832 in
307 2790 537 2851 apertum
561 2785 781 2838 schisma
801 2789 1120 2856 prorumpit.
1146 2807 1172 2836 »
1208 2785 1358 2856 (Vide
1394 2803 1581 2840 meum
1608 2785 1963 2857 opusculum,

98 2870 248 2926 Deua>
272 2873 434 2943 Payes
463 2876 725 2932 d'histoire
742 2878 810 2931 du
834 2880 1032 2932 diocese
1048 2880 1110 2933 cle
1137 2880 1295 2950 Lyon.
1328 2879 1578 2943 Teranei,
1610 2878 1775 2932 1864.
1802 2877 1963 2950 Typis

96 2968 262 3023 etiam
290 2971 453 3042 paulo
485 2980 606 3045 post
631 2974 841 3029 editum
869 2974 1139 3045 Genewe.)
1188 3050 1191 3053 Δ

169 3065 509 3121 PnAEnoosrim
551 3069 630 3123 XV
638 3070 692 3124 1³.
726 3102 792 3109 —
821 3071 1054 3125 Romano
1098 3072 1338 3143 Pontifici
1365 3073 1483 3143 jure
1516 3072 1687 3126 (livino
1724 3073 1964 3142 competit

90 3169 343 3231 potestas,
373 3165 587 3219 habendi
619 3169 670 3221 in
702 3170 980 3238 provinciis
1020 3177 1067 3222 et
1098 3171 1284 3239 reym's,
1315 3169 1533 3239 Leqalos
1558 3169 1860 3233 Nuntiosve‚
1882 3171 1968 3240 ju-

98 3259 414 3325 risdictione,
438 3264 604 3332 quoad
632 3264 741 3318 loca
767 3267 887 3334 ista,
907 3266 1181 3336 praeditos.
1211 3299 1284 3305 —
1305 3266 1360 3321 Id
1379 3266 1502 3322 fuse
1526 3265 1881 3340 probavimus
1907 3264 1965 3318 in

98 3356 332 3408 tractatu
361 3357 424 3410 de
440 3357 593 3412 Curia
619 3359 872 3429 Romana,
898 3367 1052 3434 parte
1082 3362 1163 3416 lv.

174 3449 522 3507 Pus-nomm
558 3454 720 3511 xvlr.
746 3489 813 3497 —
841 3458 1072 3512 Romano
1106 3459 1350 3529 Pontifici
1386 3476 1448 3512 ex
1476 3461 1597 3529 jure
1629 3458 1801 3511 divino
1832 3472 1967 3510 com-

99 3547 226 3617 petit
261 3554 491 3617 potestas
516 3552 750 3620 eaeiyendi
787 3561 842 3607 ut
878 3553 1115 3626 Episcopi
1158 3555 1435 3609 relationes
1475 3556 1685 3607 mittant
1725 3553 1787 3606 de
1819 3559 1960 3606 statu

100 3659 310 3697 suarum
340 3644 638 3712 clioeceseom
672 3666 867 3704 necnon
897 3667 1072 3705 eorum
1110 3659 1244 3717 acta,
1285 3655 1331 3707 si
1366 3654 1530 3706 visum
1558 3653 1738 3722 suerit,
1778 3651 1969 3722 impro-
