2340 3990
879 305 1010 355 PARS
1037 301 1242 359 QUINTA.
1918 297 2002 346 521

124 419 232 496 ipsi
252 416 482 474 Romani
498 413 783 473 Pontifices
805 412 979 492 dictas
997 428 1188 468 causas
1213 410 1281 466 ad
1304 425 1364 466 se
1389 404 1712 466 referendas
1733 422 1832 480 pro
1857 410 2008 463 certo

125 516 439 572 habuerunt
463 517 517 570 et
537 515 1023 569 commonuerunt.
1059 509 1208 564 Inter
1231 523 1369 581 quos
1394 505 1473 562 sic
1497 509 1718 560 sanctus
1741 503 2009 558 Innocen-‘

125 612 237 668 tius
264 612 304 677 1,
339 611 396 666 in
422 609 540 666 suis
578 606 646 663 ad
687 605 986 663 concilium
1023 603 1392 660 Milevitanum
1430 600 1626 658 litteris
1661 620 1673 655 ε
1718 621 1745 653 «
1783 599 2007 665 Quoties

124 707 251 763 fidei
275 707 412 763 ratio
434 703 749 775 ventilatur,
773 701 1016 758 arbitror
1039 718 1233 757 omnes
1259 700 1607 774 coepiscopos
1628 701 1845 753 nostros
1869 714 2008 752 non-

120 805 234 861 nisi
258 805 324 860 ad
354 804 593 880 Petrum,
622 799 678 855 id
714 805 819 867 est,
854 799 922 855 ad
949 798 1034 854 sui
1078 798 1317 854 nominis
1348 803 1402 854 et
1437 795 1664 852 lionoris
1684 800 2008 890 Nauctorem,

121 902 331 959 referre
362 899 578 955 debere.
611 918 637 948 »

196 995 540 1048 Pannonium
569 990 691 1048 vlla.
718 991 1043 1047 -Romano
1078 992 1341 1063 Pontifici,
1380 992 1500 1061 jure
1540 991 1735 1060 (livino,
1767 989 2012 1062 competit

115 1099 351 1163 potestas
374 1092 470 1145 sibi
489 1090 807 1159 reservandi,
836 1091 889 1144 in
913 1092 1028 1161 foro
1054 1090 1395 1159 eonscientiae,
1419 1090 1714 1158 yraviorum
1736 1090 2015 1142 criminum

119 1190 467 1243 absolutiones
487 1207 503 1238 .-
532 1189 652 1240 item
673 1192 906 1256 potestas
930 1185 1027 1238 sibi
1051 1184 1354 1238 reservandi
1387 1185 1820 1254 clispensatione3‚
1852 1185 2009 1238 colla-

118 1284 285 1337 tiones
321 1282 702 1350 beneficiorum,
748 1288 798 1334 et
839 1280 1017 1334 mania
1056 1278 1424 1333 ecelesiastica.
1457 1310 1527 1320 —
1553 1278 1812 1350 Sequitur
1838 1296 1903 1333 ex
1945 1296 2012 1334 eo

119 1378 267 1452 quod
298 1379 398 1451 ipsi
424 1378 480 1432 in
515 1378 663 1432 Beati
691 1378 832 1433 Petri
869 1395 1106 1450 persona
1131 1376 1326 1431 collata
1362 1376 1431 1431 sit
1463 1394 1492 1430 a
1517 1374 1731 1431 Christo
1769 1382 2013 1449 potestas

122 1476 472 1548 quodcumqae
508 1474 711 1546 ligandi
756 1480 919 1547 atque
959 1473 1230 1529 solvendi.
1271 1506 1342 1515 -
1379 1473 1904 1553 Sequitur‘insuper
1950 1492 2014 1529 ex

118 1590 363 1644 suprema
389 1571 565 1644 ipsius
587 1579 637 1627 et
659 1566 988 1626 inonarcliica
1012 1570 1065 1624 in
1091 1576 1257 1627 totam
1277 1570 1575 1626 Ecclesiam
1595 1570 2011 1642 jurisdictione,

122 1674 184 1723 ut
223 1674 387 1741 patet.
411 1701 477 1708 —
504 1669 721 1723 Constat
747 1674 1006 1741 praeterea
1038 1686 1100 1722 ex
1132 1666 1308 1741 praxi.
1341 1666 1572 1722 Romani
1593 1666 1800 1740 quippe
1832 1667 2009 1722 Ponti-

122 1765 250 1820 fices
279 1766 392 1820 haec
421 1765 550 1833 sibi,
579 1771 851 1837 quatenus
877 1765 1018 1821 Petri
1061 1765 1499 1828 successoribus,
1531 1765 1869 1832 tiibuerunt‚
1901 1772 2010 1821 tota

121 1861 497 1918 consentiente
539 1879 600 1916 ac
649 1862 987 1935 approbante
1035 1861 1295 1916 Ecclesia.
1341 1892 1409 1900 —
1460 1861 1674 1915 Constat
1724 1861 2008 1933 speciatim

121 1958 299 2030 quoad
331 1959 425 2031 jus
466 1958 570 2013 sibi
617 1958 929 2014 reservandi
966 1958 1281 2031 graviorum
1327 1962 1676 2030 peccatorum
1715 1958 2014 2014 ahsolutio-

122 2062 270 2118 nem,
311 2071 374 2108 ex
406 2054 490 2109 liis
517 2053 823 2110 Tridentini
870 2054 1090 2110 concilii
1131 2053 1345 2109 verbis:
1394 2053 1734 2110 «Pontifices
1765 2056 2008 2121 maximi,

117 2168 212 2223 pro
240 2168 498 2224 suprema
522 2152 845 2208 auctoritate
867 2152 975 2207 sibi
1001 2153 1059 2205 in
1086 2151 1328 2206 Ecclesia
1357 2151 1611 2206 universa
1641 2151 1861 2220 tradita,
1887 2170 2011 2208 cau-

118 2263 207 2302 sas
235 2247 446 2320 aliquas
482 2247 782 2303 criminum
813 2250 1132 2320 graviorum
1162 2266 1260 2303 suo
1296 2255 1598 2322 potuerunt
1628 2250 1899 2321 peculiari
1919 2251 2010 2322 ju-

119 2343 262 2398 dicio
290 2361 565 2400 reservare
585 2366 611 2396 »
643 2347 800 2417 (seSS.
823 2346 950 2414 XIX,
977 2364 1024 2401 c.
1059 2347 1164 2417 vn).
1191 2378 1256 2385 -
1280 2346 1428 2402 Idem
1452 2353 1663 2402 constat
1686 2348 1834 2402 brevi
1854 2368 2009 2421 snper

117 2440 400 2505 soliditate,
439 2441 533 2495 ubi
573 2442 698 2496 Pius
743 2442 824 2506 VI,
870 2443 1014 2498 inter
1056 2460 1273 2521 errores
1321 2462 1456 2515 quos
1495 2443 1625 2500 dicit
1680 2453 1753 2499 tot
1791 2448 2007 2501 decretis

118 2537 411 2602 damnato&
464 2542 517 2591 et
547 2556 684 2610 quos
722 2538 839 2612 ipse
870 2540 1116 2609 damnat,
1154 2547 1404 2596 recenset
1442 2547 1494 2596 et
1527 2542 1697 2597 istum
1730 2563 1740 2595 ε
1784 2543 2005 2598 Licitani

111 2634 213 2687 sibi
234 2635 416 2704 fecisse
440 2634 711 2706 Pontifices
750 2636 978 2691 violandi
1006 2640 1131 2707 jura
1171 2637 1560 2711 Episcopoiwn,
1604 2642 2007 2712 reservancliqae

117 2730 214 2783 sibi
243 2731 610 2800 absolutiones,
649 2733 1075 2807 dispensationes,
1114 2736 1422 2803 decisiones‘,
1457 2738 1854 2808 appellationes,
1901 2740 2003 2794 eol-

122 2824 338 2879 lationes
365 2828 739 2898 beneficiorum,
765 2836 866 2884 etc.
893 2830 1034 2903 Ergo
1072 2850 1328 2888 summus
1365 2833 1611 2888 Pontifex
1642 2835 1735 2905 jus
1774 2853 1939 2888 suum
1974 2853 2003 2889 a

118 2919 332 2976 Christo
363 2928 644 2995 acceptum
671 2930 903 2991 exercet,
935 2926 1068 2980 dum
1099 2945 1292 2982 causas
1327 2928 1459 2983 istas
1495 2928 1602 2983 sibi
1641 2935 1907 2986 reservat.
1934 2963 2002 2971 —-

118 3014 261 3070 Idem
288 3023 501 3071 constat
525 3035 590 3072 ex
621 3018 895 3072 damnatis
923 3018 982 3073 in
1012 3019 1163 3075 bulla
1192 3022 1466 3077 Auctorem
1495 3024 1614 3094 fidei
1642 3026 2002 3097 sequentibus

115 3111 400 3168 articulis:
440 3134 467 3165 «
491 3113 594 3184 vll,
629 3114 762 3170 item
797 3114 853 3170 in
882 3133 945 3170 eo
977 3117 1120 3189 quod
1154 3118 1407 3174 hortatur
1439 3120 1765 3195 Episcopum
1790 3123 1858 3176 ad
1877 3142 2000 3196 pro-

115 3211 445 3280 sequendam
461 3212 711 3295 gnaviter
729 3214 1108 3287 perfectiorem
1134 3217 1515 3274 ecclesiasticae
1538 3219 1844 3294 disciplinae
1870 3238 1997 3275 con-

119 3304 482 3376 stitutionem,
526 3308 692 3382 idque
732 3319 919 3367 contra
965 3315 1499 3372 oinnes‘contrarias
1537 3316 1996 3384 consuetudines,

117 3403 509 3475 exemptioneS,
527 3408 944 3481 reservationeS,
969 3429 1090 3483 quae
1111 3412 1471 3469 adversantur
1498 3414 1640 3468 bono
1662 3412 1842 3468 ordini
1868 3411 1999 3468 dioe-

120 3497 280 3566 cesiS,
318 3498 510 3569 majori
542 3501 728 3571 gloriae
754 3502 868 3573 Dei,
901 3511 955 3560 et
991 3508 1181 3580 majori
1211 3509 1559 3565 aedificationi
1588 3508 1868 3563 fidelium:
1901 3526 2000 3583 per

119 3591 175 3647 id
201 3594 344 3666 quod
387 3596 642 3669 supponit
676 3598 939 3675 Episcopo
985 3602 1066 3659 fas
1110 3622 1251 3675 esse,
1301 3605 1525 3680 proprio
1557 3622 1655 3659 suo
1695 3604 1905 3676 judicio
1946 3611 1999 3661 et

360 3720 423 3752 ni.
1698 3715 1749 3759 21
