2340 4062
900 323 1031 371 PARS
1059 318 1275 375 QUARTA.
1975 310 2032 356 59

155 443 278 493 rent
293 454 398 510 que
416 454 553 510 pour
570 435 621 491 le
636 433 829 508 regard
851 432 948 489 des
960 429 1208 495 exordes,
1219 422 1566 501 peroraisons
1581 424 1636 477 et
1650 422 1985 475 ornements.
2003 439 2030 471 »

156 533 327 606 Igitur
350 534 493 606 quod
518 535 967 607 propugnaturus
995 532 1112 583 erat
1138 521 1432 580 Perronius
1458 520 1516 576 in
1533 535 1752 577 camera
1777 516 1925 574 tertii
1950 534 2036 572 or-

157 629 327 699 dinis,
352 632 467 704 jam
507 628 789 685 audiverat
828 631 882 682 et
907 626 1234 700 probaverat
1260 637 1474 678 camera
1500 616 1791 674 nobilium.
1825 616 2035 681 Quanto

158 728 335 800 magis
362 743 576 784 camera
608 723 770 781 cleri!
813 722 953 794 Ergo
983 721 1244 777 concione
1274 736 1374 775 sua
1410 715 1675 791 expressit
1712 713 2034 782 Perronius‚

162 842 270 879 non
300 827 713 888 suamtantum,
739 818 836 875 sed
866 818 1034 873 totius
1059 815 1193 871 cleri
1218 813 1548 869 doctrinam.

236 919 456 991 Objectio
491 917 565 972 2².
606 948 675 956 —
715 914 937 970 Camera
972 911 1106 968 cleri
1131 909 1263 964 anni
1303 908 1447 963 1615
1479 907 1653 963 voluit
1683 904 2034 963 solummodo

161 1017 486 1088 impugnare
512 1011 938 1086 competentiam
961 1006 1105 1064 tertii
1128 1004 1336 1061 ordinis
1360 1003 1538 1076 quoad
1556 1003 1700 1058 hanc
1725 1002 2032 1067 materiam;

161 1130 268 1166 non
293 1115 472 1166 autem
500 1108 673 1164 voluit
707 1107 1031 1181 impugnare
1058 1101 1373 1176 opinionem
1397 1116 1507 1172 qua
1530 1098 1787 1154 Ecclesiae
1813 1099 2041 1171 denega-

159 1215 250 1265 tur
273 1215 509 1283 potestas
541 1207 597 1261 in
632 1224 750 1262 rem
776 1203 1141 1278 temporalem
1171 1205 1419 1256 statuum
1444 1197 1584 1270 (vide
1611 1195 1820 1252 librum
1849 1196 2038 1268 Defen-

156 1309 337 1375 εἱοηίε,
367 1307 480 1360 loco
500 1305 710 1375 citato).

235 1403 610 1474 Respomletur.
649 1434 706 1443 —
745 1401 1004 1456 Miserum
1033 1398 1078 1454 si
1113 1397 1255 1471 quod
1287 1414 1536 1468 unquam
1571 1393 1875 1467 effugium!
1923 1391 2041 1448 Non

161 1520 259 1557 suo
283 1501 598 1569 PerroniuS,
626 1499 716 1555 sed
749 1499 885 1556 cleri
905 1507 956 1554 et
981 1496 1286 1554 nobilitatis
1312 1494 1535 1550 nomine
1555 1494 1772 1549 locutus
1806 1498 1914 1557 est;
1940 1508 2042 1546 nec

161 1617 315 1655 suam
343 1599 643 1666 dumtaxat,
669 1597 763 1653 sed
790 1597 922 1653 cleri
962 1603 1015 1652 ct
1044 1594 1345 1651 nobilitatis
1371 1591 1677 1648 doctrinam
1698 1589 1952 1647 asseruit.
1984 1589 2042 1643 Id

157 1695 268 1764 jam
293 1695 414 1748 luce
440 1693 741 1749 meridiana
764 1693 964 1747 clarius
984 1692 1278 1764 probatum
1305 1690 1428 1745 fuit.
1461 1688 1630 1761 Igitur
1654 1687 1710 1742 id
1735 1688 1893 1742 voluit
1914 1704 2037 1758 pro-

161 1810 389 1863 puqnare
419 1792 550 1846 ordo
589 1791 742 1855 cleri,
773 1791 918 1863 quod
953 1790 1019 1845 de
1058 1791 1195 1844 facto
1233 1787 1598 1861 propugnavit
1628 1784 1921 1841 cardinalis
1961 1785 2039 1839 Du

167 1888 383 1942 Perron.
417 1885 556 1949 Quid
590 1891 770 1939 autem
812 1885 1212 1958 propugnavit?
1243 1885 1469 1955 Legatur
1501 1885 1620 1954 ejus
1656 1882 1864 1938 concio.
1892 1882 1952 1936 In
1979 1900 2040 1938 ea

165 1988 312 2036 totus
357 1988 436 2036 est
480 1980 774 2036 cardinalis
818 1981 1112 2036 Pcrronius
1150 1989 1207 2036 ut
1249 1981 1587 2035 demonstret
1625 1980 1929 2036 doctrinam
1975 1980 2042 2035 dc

160 2077 530 2132 ecclesiastica
568 2077 624 2131 in
663 2096 781 2132 rem
820 2079 1173 2151 temporalem
1214 2096 1408 2150 regum
1446 2082 1731 2151 potestate,
1767 2093 1944 2149 usque
1974 2077 2043 2132 ad

162 2175 462 2242 Calvinum,
503 2152 567 2229 in
612 2181 725 2230 toto
761 2177 893 2231 orbe
931 2177 1199 2231 catholico
1230 2176 1596 2230 indubitatam
1635 2174 1902 2247 viguisse3
1945 2193 2039 2248 op-

156 2272 397 2344 positum
424 2289 551 2326 vero
593 2289 837 2327 errorem
864 2290 893 2326 a
931 2273 1087 2327 tertio
1115 2273 1307 2327 ordine
1337 2272 1679 2345 propositum
1715 2272 2039 2346 approbare,

155 2385 263 2422 non
296 2367 445 2422 aliud
472 2368 587 2422 fore
618 2385 783 2440 quam
802 2373 1015 2423 certum
1037 2369 1130 2441 jus
1158 2368 1311 2424 Sedis
1339 2368 1659 2442 Apostolicae
1693 2369 2039 2425 conculcare.

157 2463 302 2518 Hanc
332 2481 454 2519 esse
485 2464 652 2520 totius
678 2465 957 2520 concionis
986 2484 1264 2520 summam
1293 2482 1624 2538 persuasum
1647 2465 2045 2521 habuitGram-

160 2567 333 2628 mont,
359 2562 611 2618 Tolosani
644 2563 973 2618 Parlamenti
1008 2581 1228 2635 praese&
1264 2570 1326 2618 ut
1358 2569 1505 2636 patet
1543 2581 1608 2619 ex
1634 2564 1888 2637 sequenti
1919 2583 2044 2620 ana-

159 2655 259 2728 lysi
292 2657 359 2710 ab
402 2657 518 2729 ipso
553 2659 845 2732 exscripta,
896 2659 953 2714 in
993 2677 1091 2714 sua
1124 2660 1425 2714 Galliarum
1455 2660 1684 2715 historia
1716 2660 1804 2732 (ad
1830 2678 2039 2717 annum

161 2751 327 2824 1615)
355 2772 366 2802 ε
400 2754 700 2810 Vtmlicabat
729 2759 806 2811 vir
833 2757 1011 2811 doctus
1039 2756 1235 2812 Summi
1260 2757 1526 2828 Pontifices
1552 2759 1605 2811 in
1631 2776 1806 2828 reyum
1831 2767 2036 2831 sceptra

152 2857 463 2920 potestatem
486 2873 500 2902 .·
532 2854 756 2923 pobabat
786 2858 1036 2926 potestati
1074 2874 1305 2910 romanae
1342 2857 1478 2910 seclis
1517 2859 1569 2910 ἱη
1611 2875 1752 2927 reyes
1791 2859 2027 2913 haeretica

157 2947 268 3001 labe
294 2950 510 3022 infectos
527 2953 887 3024 subscripsisse
905 2961 1151 3026 quotquot
1173 2962 1295 3009 aute
1314 2955 1584 3011 Calvinum
1601 2957 1882 3028 theoloqiea
1901 2964 2035 3012 trac-

158 3050 328 3099 tavere
349 3069 365 3109 ;
402 3051 715 3103 contrariam
748 3052 1040 3121 opinionem
1086 3070 1271 3106 novam
1312 3070 1442 3117 esse,
1478 3052 1698 3108 Luthero
1738 3061 1786 3107 et
1824 3053 2034 3109 Calvino

157 3142 438 3211 fautoribus
486 3164 651 3217 nuper
691 3155 902 3210 uatam;
948 3157 1274 3203 sacramento
1320 3151 1500 3203 vinciri
1540 3169 1681 3221 reyes
1729 3149 1912 3206 Galliae
1955 3153 2038 3205 ubi

159 3237 528 3309 z‘nauanantm-
539 3244 791 3315 pellendis
818 3264 971 3316 reyno
989 3265 1081 3300 suo
1109 3249 1357 3301 warensis
1371 3269 1389 3310 ‚·
1421 3250 1472 3302 ἰη.
1498 3248 1754 3317 haeresim,
1771 3251 1816 3303 si
1835 3251 1934 3320 ipsi
1954 3250 2038 3301 ‹Ie-

161 3348 383 3404 {1eueres,
412 3340 457 3392 si
479 3341 709 3411 fautores
734 3343 1214 3409 haeresiarcharum,
1236 3346 1279 3398 si
1301 3348 1417 3399 novi
1443 3346 1696 3416 (qumatis
1725 3354 2029 3404 assertores,

163 3426 326 3483 deberi
355 3433 596 3490 ultionem
635 3437 834 3493 Vicario
860 3439 976 3509 Dei,
1009 3442 1077 3495 acl
1106 3459 1253 3512 quem
1279 3461 1438 3497 unum
1460 3451 1658 3515 spectat
1699 3462 1761 3498 ea:
1790 3443 1895 3510 [eye
1916 3456 2036 3509 per-

149 3524 275 3593 jurii
301 3543 454 3596 poeua
483 3551 497 3591 ;
525 3534 578 3586 in
605 3551 718 3590 eam
739 3540 1049 3592 sententiam
1078 3542 1271 3594 exactis
1296 3543 1501 3596 saeculis
1526 3544 1654 3596 itum
1671 3562 1688 3602 ,·
1718 3542 1780 3593 iri
1814 3544 1862 3590 et
1888 3535 2037 3590 hodie

152 3624 350 3691 passim
370 3631 473 3678 toto
501 3628 618 3682 orbe
631 3632 949 3690 catholice...
976 3635 1048 3690 Eo
1069 3654 1243 3692 errore
1265 3641 1490 3709 primam
1503 3641 1663 3710 fuisse
1677 3635 1894 3691 Henrico
1915 3633 2036 3689 VIII
