2352 4126
1005 388 1296 437 PROOEMIUM.

212 522 390 583 detur
424 521 670 582 Patrum
712 516 1028 580 traditioni
1064 520 1258 599 magis
1296 535 1655 581 consonum.
1703 514 1881 593 Dicit,
1926 515 2092 578 verbi

215 628 430 708 gratia,
453 633 696 687 sanctus
716 622 828 684 Leo
858 646 871 684 :
911 645 946 678 (ι
971 622 1031 682 Si
1063 624 1209 704 quid
1235 643 1378 685 cum
1405 642 1474 685 00
1505 641 1829 684 commune
1857 621 2093 683 caeteris

211 729 403 790 voluit
436 747 561 790 esse
593 725 1003 807 principibu8‚
1042 743 1362 806 nunquam
1401 727 1520 788 nisi
1559 746 1667 809 per
1706 726 1901 808 ipsum
1932 726 2099 787 dedit

213 832 516 914 quidquid
557 832 692 892 aliis
737 850 858 891 non
906 830 1148 909 negavit
1190 852 1223 886 ›>
1266 831 1473 910 (serm.
1523 830 1561 890 4
1587 882 1602 908 ,
1653 832 1726 894 de
1768 833 1962 913 ipsius
2006 851 2095 893 as-

213 938 562 1018 sumptione
579 937 654 998 ad
676 954 989 997 summum
1011 932 1466 1014 Pontificatum,
1482 936 1596 998 col.
1625 935 1722 1013 16,
1743 937 1890 999 edit.
1906 935 2095 998 Balle-

215 1041 537 1121 rinorum).
576 1064 610 1098 «
639 1041 837 1120 Hujus
867 1041 1143 1101 muneris
1181 1048 1634 1100 sacramentum
1682 1043 1764 1102 ita
1803 1041 2097 1102 Dominus

215 1149 290 1209 ad
334 1148 609 1208 omnium
645 1144 1067 1227 Apostolorum
1110 1143 1381 1205 officium
1429 1146 1734 1224 pertinere
1769 1145 1981 1217 voluit,
2026 1154 2096 1206 ut

216 1255 279 1314 in
305 1253 655 1314 beatissimo
672 1252 864 1326 Petr0,
894 1251 1318 1332 Apostolorum
1338 1252 1617 1312 omnium
1642 1270 1909 1326 summ0,
1933 1253 2099 1331 prin-

215 1359 494 1438 cipaliter
518 1358 860 1429 collocaret,
892 1366 952 1417 et
977 1356 1047 1417 ab
1063 1356 1184 1437 ipso
1206 1357 1378 1436 quasi
1404 1356 1667 1438 quodam
1692 1357 1909 1435 capite,
1940 1356 2097 1416 dona

215 1482 323 1523 sua
356 1464 500 1523 velit
532 1464 596 1522 in
627 1481 847 1543 corpus
873 1480 1053 1522 omne
1082 1479 1335 1521 manare
1362 1484 1394 1517 ›>
1428 1459 1628 1541 (ibid,
1662 1460 1778 1521 001.
1816 1459 1984 1540 655).
2017 1496 2099 1505 —-

213 1568 300 1627 Ad
335 1587 465 1628 rem
515 1569 697 1629 etiam
740 1568 972 1629 faciunt
1009 1567 1139 1627 haec
1193 1567 1386 1627 sancti
1436 1565 1826 1627 InnocentiiI
1863 1566 2043 1626 verba
2082 1586 2094 1624 :

217 1695 251 1728 «
283 1679 330 1734 A
365 1694 476 1756 quo
506 1674 805 1756 (Apostolo
842 1672 1036 1751 Petro)
1068 1674 1196 1753 ipse
1241 1675 1615 1753 episcopatus
1650 1681 1710 1733 ct
1746 1682 1868 1734 tota
1900 1683 2099 1733 aueto-

214 1778 360 1840 ritas
393 1779 662 1839 nominis
688 1779 875 1858 hujus
904 1779 1154 1839 emersit
1180 1804 1212 1837 ›>
1243 1779 1430 1858 (apud
1456 1777 1766 1858 Constant,
1786 1779 1902 1839 001.
1935 1778 2095 1858 888).

218 1907 252 1941 <‹
282 1885 367 1944 Ad
397 1884 667 1956 Petrum,
704 1883 765 1943 id
794 1892 906 1958 est,
939 1884 1033 1943 sui
1065 1885 1335 1944 nominis
1371 1894 1428 1944 et
1469 1884 1700 1945 honoris
1736 1895 2031 1946 auctorem
2066 1910 2100 1943 ›>

216 1989 384 2069 (ibid.
435 1986 595 2066 896).
647 1986 720 2046 Ut
764 2006 978 2067 nempe
1011 1987 1285 2048 Christus
1327 1989 1615 2049 Dominus
1652 1988 1935 2050 Ecclesiae
1973 2010 2101 2050 suae

217 2094 436 2154 unitati
465 2093 657 2170 magis
682 2092 1050 2168 consuleret,
1078 2092 1267 2152 voluit
1299 2092 1534 2152 nullam
1562 2113 1694 2154 0330
1726 2114 1912 2174 penes
1937 2094 2102 2174 Epis-

218 2218 396 2279 copos
429 2198 891 2277 gubernativam
931 2206 1289 2277 potestatem
1313 2248 1327 2274 ,
1356 2218 1425 2259 ac
1451 2199 1706 2278 proinde
1731 2201 1968 2259 nullam
2004 2202 2100 2259 in-

218 2304 556 2364 fallibiliter
582 2303 899 2383 judicandi
936 2304 1392 2383 praerogativam
1419 2353 1434 2379 ,
1484 2306 1602 2364 nisi
1635 2324 1742 2383 per
1772 2306 2105 2384 ipsummet

210 2416 389 2489 caput
411 2407 695 2469 Ecclesia}
720 2407 1059 2467 Romanum
1089 2405 1466 2468 Pontificem.
1498 2406 1660 2470 Quod
1686 2409 1775 2468 sic
1808 2409 2095 2487 exprimit

209 2524 450 2576 sanctus
479 2514 734 2574 Thomas
765 2534 776 2572 :
828 2534 861 2567 <‹
894 2513 1061 2573 Petro
1094 2512 1204 2574 soli
1230 2514 1514 2594 promisit
1540 2535 1552 2573 ε
1591 2512 1709 2573 Tibi
1735 2513 1881 2574 dabo
1909 2513 2093 2576 clares

212 2619 377 2701 reqm‘
410 2617 677 2679 coelorum
712 2639 733 2688 ‚·
767 2627 836 2679 ut
874 2620 1300 2679 ostenderetur
1357 2627 1620 2699 potestas
1668 2619 1934 2680 clavium
1986 2641 2095 2702 per

213 2745 339 2786 eum
365 2726 440 2786 ad
477 2723 625 2786 alios
653 2724 998 2800 derit-anda,
1029 2725 1103 2785 ad
1132 2726 1606 2786 conservandam
1644 2723 1924 2787 Ecclesiae
1958 2728 2095 2787 uni-

216 2839 400 2890 tatem
435 2854 469 2886 »
497 2831 721 2909 (eontra
748 2841 955 2912 qenteS,
987 2831 1029 2892 l.
1060 2829 1120 2907 lt,
1156 2851 1209 2893 0.
1253 2831 1336 2910 7).

297 2935 616 2994 Pnorosrno
646 2936 740 2997 III.
778 2972 861 2979 —-
893 2937 1117 3017 Corpus
1168 2936 1602 3018 Episcoporum,
1647 2947 1931 3018 quatenus
1981 2939 2098 2999 clis-

217 3037 458 3098 tinctum
509 3058 547 3098 a
587 3040 772 3120 capite
812 3059 918 3099 suo
961 3040 1219 3100 Romano
1271 3041 1570 3122 Pont‘iftce,
1611 3061 1729 3101 non
1779 3052 1855 3103 est
1892 3041 2104 3124 subjee-

217 3153 337 3203 tum
367 3141 830 3224 infallibilitate,
858 3144 971 3205 nisi
994 3144 1059 3204 in
1086 3165 1148 3206 eo
1186 3165 1381 3222 sensu,
1412 3146 1565 3227 quod
1606 3166 1828 3228 semper
1867 3147 2105 3208 emittm-i

219 3248 331 3307 sint-
353 3247 522 3309 multi
556 3248 821 3330 Episcopi
846 3251 1102 3310 Romano
1145 3251 1415 3333 Pontifici
1440 3252 1634 3333 quoad
1677 3253 1849 3334 fidem
1880 3272 2103 3312 consert-

222 3350 418 3412 tientes
466 3362 517 3412 et
560 3352 941 3434 obsequente&
988 3389 1071 3398 —
1101 3354 1427 3415 Ecclesiam
1462 3357 1791 3418 constituit
1828 3356 2099 3416 Christus

224 3455 296 3513 ad
324 3457 519 3517 instar
542 3456 750 3533 Ovilis,
790 3459 965 3538 cujus
992 3479 1130 3520 oves
1165 3470 1524 3542 regerentur
1548 3482 1581 3522 a
1607 3464 1820 3523 multis
1845 3459 2098 3541 pastori-

228 3556 365 3632 buS,
388 3562 498 3621 sub
525 3565 707 3624 unico
734 3573 940 3626 tamen
966 3575 1204 3646 pastore
1222 3587 1529 3648 supremo,
1556 3567 1818 3629 Ecclesia
1842 3565 2092 3638 scilicet,

230 3679 297 3719 ex
333 3663 714 3728 institutione
738 3669 982 3745 Christi,
1012 3680 1104 3732 est
1131 3673 1384 3734 societas
1414 3672 1888 3752 gubernantium
1916 3676 1972 3728 et
1997 3687 2103 3748 gu·
