2352 4126
1017 373 1304 423 PROOEMIUM.
2062 389 2112 419 xv

227 510 411 572 suitis
436 508 662 571 Galliae.
693 507 854 568 Licet
897 505 1064 565 enim
1098 501 1508 565 provinciales
1536 509 1597 562 et
1626 500 1732 562 alii
1769 503 1945 582 pauci
1978 521 2114 581 pro-

224 616 567 675 vinciarum
591 611 790 675 Galliae
815 609 1093 688 primarii
1110 609 1250 685 viri,
1278 607 1780 688 haudquaquam,
1807 614 1992 687 prout
2018 606 2115 667 de-

227 720 378 795 cuit,
419 737 548 780 sese
571 726 719 777 tunc
744 713 1068 795 gesserint,
1101 714 1237 792 quis
1268 715 1408 793 jure
1440 713 1631 793 possit
1655 712 1816 772 hanc
1842 712 2114 792 superio-

226 844 368 886 rum
396 823 631 903 culpam
650 817 1045 880 inferioribus
1075 817 1471 878 adscribere?
1493 816 1566 877 Hi
1594 817 1927 898 siquidem,
1955 818 2110 898 quid

225 949 258 990 a
307 928 517 1010 paucis
565 926 695 986 istis
729 922 1068 1005 praepositis
1114 923 1177 981 in
1219 930 1974 1010 transversumqageretur,
2010 924 2107 984 sin

225 1035 430 1095 minus
451 1050 685 1105 omneS,
712 1029 990 1110 plerique
1009 1027 1224 1088 saltem
1258 1027 1644 1106 ignorarunt.
1681 1028 1942 1089 Aliunde
1966 1046 2109 1088 vero

225 1145 522 1201 testantur
556 1136 903 1196 indubitata
941 1134 1216 1194 historia}
1242 1141 1661 1208 monumenta,
1698 1134 1893 1194 Gallos
1935 1152 2110 1212 gene-

222 1244 404 1306 ratim
434 1242 716 1314 Jesuitas,
762 1241 948 1300 etiam
987 1248 1120 1319 post
1162 1239 1495 1299 infaustam
1535 1239 1679 1299 anni
1719 1237 1874 1298 1682
1910 1240 2107 1300 decla-

219 1349 546 1421 rationem,
580 1345 875 1405 doctrinae
907 1343 982 1403 de
1014 1342 1271 1403 Romani
1308 1342 1619 1403 Pontificis
1666 1341 2111 1403 infallibilitate

221 1451 576 1514 adhaesisse.
626 1449 706 1510 De
758 1468 874 1528 quo
915 1448 1107 1508 videri
1145 1455 1401 1528 possunt
1442 1447 1758 1508 Fenelonii
1802 1446 2107 1526 epistolae,

219 1575 459 1618 necnon
509 1573 718 1615 recens
753 1573 820 1614 ac
873 1554 1020 1613 tanti
1066 1554 1365 1613 momenti
1415 1552 1725 1627 volumen,
1780 1551 2111 1621 Becherches

217 1681 316 1723 sur
341 1658 692 1722 I'Assemble'e
721 1657 788 1718 de
816 1656 995 1732 1682,
1027 1667 1271 1718 auctore
1294 1657 1637 1717 clarissimo
1670 1655 1877 1718 Carolo
1902 1658 2110 1720 Gerin.

307 1764 364 1824 2.
414 1763 666 1824 Praefato
693 1763 973 1842 scriptori
1000 1761 1206 1822 Carolo
1234 1763 1414 1824 Ge'rin
1433 1762 1762 1835 debentur,
1785 1771 1965 1842 prout
1979 1763 2107 1841 jam

219 1869 368 1930 alias
412 1870 643 1942 monui,
690 1868 989 1946 praecipua
1027 1867 1258 1927 inedita
1301 1867 1690 1942 documenta,
1722 1886 1860 1946 qua}
1895 1867 1968 1927 de
2010 1867 2110 1926 Fa-

216 1971 803 2045 cultateParisiensi,
835 1989 947 2029 nec
968 1989 1092 2030 non
1119 1971 1268 2030 cleri
1298 1964 1568 2031 comitiis
1591 1972 1738 2030 anni
1769 1970 1948 2050 1682,
1968 1980 2102 2030 tum

222 2078 285 2137 in
320 2077 609 2157 praese11ti
636 2082 921 2149 tractam,
953 2083 1083 2134 tum
1121 2076 1183 2133 in
1221 2076 1635 2154 publicatione
1661 2077 1969 2154 periodica
2002 2077 2105 2136 Re-

215 2200 323 2242 we
349 2182 442 2242 des
460 2180 698 2242 πίθησθε
723 2178 1191 2259 ecclesiastiqueS,
1221 2180 1452 2258 publici
1478 2182 1639 2260 juris
1667 2181 1805 2241 feci.
1839 2181 1970 2261 lpse
1991 2182 2105 2241 sci-

214 2280 378 2354 licet,
411 2278 630 2339 eximia
665 2277 950 2338 comitate
977 2296 1047 2337 ac
1073 2277 1511 2351 benevolentia,
1544 2298 1611 2337 ea
1647 2279 1802 2337 mihi
1837 2298 2104 2338 commo--

220 2385 469 2445 daverat
500 2401 567 2443 ac
593 2382 690 2442 edi
720 2401 752 2442 a
782 2400 880 2442 me
911 2390 1327 2443 consenserat.
1369 2379 1536 2443 Quod
1569 2390 1800 2455 autem,
1839 2383 2105 2444 instante

215 2487 500 2549 Vaticano
523 2487 800 2560 concili0,
833 2486 1032 2547 dictus
1048 2487 1141 2546 vir
1160 2487 1388 2547 inedita
1418 2487 1719 2566 ejusmodi
1741 2487 2104 2549 documenta

221 2593 538 2667 detexerit,
575 2601 633 2654 et
660 2612 842 2653 suum
873 2611 1193 2673 nunquam
1219 2593 1364 2653 satis
1393 2593 1770 2654 nostratibus
1799 2613 2098 2654 commen-

224 2699 496 2760 dandum
549 2698 806 2760 ediderit
866 2699 1100 2759 librum
1125 2747 1140 2775 ,
1200 2699 1532 2760 Rccleerches
1586 2720 1689 2759 sur
1756 2699 2106 2762 Z’Assemblee

229 2800 294 2861 de
324 2799 502 2877 1682,
537 2803 598 2863 id
631 2821 739 2882 ego
772 2823 970 2886 unum
1003 2823 1034 2864 e
1067 2805 1591 2885 praestantissimis
1624 2805 1883 2866 dixerim
1924 2807 2106 2867 bene-

222 2902 404 2979 ficiis,
435 2905 676 2985 quibuS,
707 2907 1063 2986 providente
1092 2907 1228 2979 DeO,
1255 2910 1553 2971 catholica
1580 2910 1845 2971 Ecclesia
1882 2912 2107 2972 nostris

224 3009 605 3090 temporibus
632 3010 849 3072 donata
879 3022 989 3074 est.
