2352 4126
178 413 212 445 11
987 363 1279 419 PROOEMIUM.

182 520 706 589 infallibilitatem.
738 509 888 571 Nam
928 504 993 566 hi
1038 506 1267 577 textUS,
1304 511 1428 554 non
1455 496 1698 552 tantum
1725 479 2084 544 inerrantiae

182 601 651 715 praerogativam
694 617 962 678 Romano
1010 606 1300 687 Episcopo
1344 596 1688 668 vindicant,
1741 587 1849 650 sed
1897 583 2085 646 simul

181 733 569 820 apertissime
613 727 730 786 hoo
767 720 821 781 ei
870 711 1265 798 privilegium
1317 702 1722 771 adscribunt,
1774 701 2085 777 quatenus

177 858 438 927 personae
456 855 491 896 α
510 829 733 911 reliquo
761 819 1026 887 Ecclesiae
1043 833 1283 899 corpore
1316 807 1627 874 distinctae.
1653 801 1834 864 Verbi
1860 797 2054 880 gratia
2067 843 2082 871 ,

176 951 360 1012 verba
389 947 522 1005 haec
555 935 818 1000 Christi:
857 931 941 992 Tu
975 948 1030 989 es
1063 927 1280 987 Petrus
1317 930 1367 983 et
1391 936 1563 1000 super
1589 915 2081 994 hancpetram...‚

171 1052 426 1117 Romani
450 1043 762 1109 Pontificis
790 1033 1303 1100 infallibilitatem
1333 1029 1627 1107 arguunt,
1665 1039 1736 1081 eo
1773 1016 1935 1098 quod
1958 1031 2087 1075 cer-

172 1171 307 1225 tum
341 1156 569 1218 faciant
605 1150 948 1210 Romanum
985 1135 1347 1200 Pontificem
1379 1130 1651 1212 positum
1690 1125 1921 1200 fuisse,
1956 1130 2087 1182 tan-

169 1286 334 1352 quan
357 1261 805 1347 fzmdamentum
823 1248 1075 1312 fabricae
1100 1225 1426 1323 nunquam
1452 1232 1859 1316 disjiciendae,
1891 1229 1945 1290 id
1971 1236 2084 1304 est,

170 1371 482 1436 Ecclesiae.
515 1368 646 1427 Jam
678 1378 824 1422 vero
856 1356 1172 1416 Romanus
1213 1345 1492 1409 Pontifex
1530 1359 1655 1403 non
1697 1336 1895 1419 potuit
1943 1333 2087 1414 poni

173 1502 206 1544 a
244 1477 485 1539 Christo
509 1467 795 1532 Ecclesiae
822 1460 1299 1547 fundamentum,
1331 1452 1454 1513 nisi
1489 1455 1795 1530 quatenus
1830 1440 2090 1503 distino-

174 1597 273 1650 tus
305 1586 379 1646 ab
404 1581 645 1661 reliqua
670 1580 896 1656 praeter
930 1570 1135 1649 ipsum
1160 1559 1452 1624 Ecclesia.
1490 1554 1778 1635 Alioquin
1804 1549 2090 1611 Ecclesiae

177 1693 651 1757 fundamentum
706 1666 1125 1742 constituisset
1181 1669 1460 1730 Christus
1518 1665 1846 1744 ipsammet
1890 1656 2092 1717 Eccle-

179 1801 356 1872 siam,
403 1793 566 1876 quod
612 1792 843 1871 pugnat
883 1784 947 1844 in
984 1776 1292 1841 terminis,
1328 1809 1411 1819 —
1443 1771 1682 1831 Pariter
1705 1765 1889 1827 verba
1919 1764 2088 1822 haec:

191 1905 317 1970 Tibi
368 1901 515 1963 dabo
569 1895 862 1968 c·la.v63...,
916 1885 1174 1948 Romani
1223 1878 1532 1942 Pontifieis
1586 1871 2098 1935 infallibilitatem

185 2009 497 2078 evincunt,
531 2001 676 2082 quia
705 1999 998 2059 denotant
1017 1994 1319 2071 potestate
1348 1980 1610 2063 ligandi,
1645 1976 1950 2052 solvendi,
1979 1993 2100 2036 coe-

194 2115 450 2193 lumque
473 2105 792 2188 aperiendi
818 2101 911 2163 vel
938 2094 1290 2169 claudendi,
1319 2092 1612 2153 donatum
1634 2085 1824 2146 fuisse
1849 2083 2101 2142 Petrum

204 2213 614 2303 personaliter,
649 2229 757 2271 seu
789 2202 1211 2285 singulariter,
1243 2197 1307 2258 id
1337 2203 1452 2267 est,
1480 2199 1785 2274 quatenus
1813 2206 1844 2247 a
1866 2185 2106 2265 reliquo

207 2321 634 2406 Apostolorum
663 2312 923 2392 collegio
955 2308 1348 2377 distinctum,
1373 2306 1554 2382 prout
1573 2297 1932 2357 indicatvox
1952 2290 2109 2353 tibi&

200 2432 374 2493 ldem
401 2424 625 2487 evincit
658 2427 893 2481 textus:
930 2413 1163 2487 Simon,
1194 2408 1425 2484 Simon,
1457 2423 1573 2467 ecce
1605 2402 1867 2464 Satanas
1900 2396 2111 2480 expeti-

207 2537 288 2600 vit
326 2554 502 2596 τος...
545 2548 639 2611 eqo
677 2533 869 2587 autem
910 2518 1118 2602 roqavi
1163 2536 1270 2599 pro
1311 2525 1383 2590 te,
1435 2522 1503 2573 ut
1543 2529 1661 2571 non
1709 2504 1940 2590 deficiat
1974 2503 2113 2586 fides

202 2654 338 2706 tua.
353 2689 395 2702 ..
420 2637 700 2718 confirma
719 2631 936 2714 fratres
965 2636 1109 2687 tuos.
1129 2619 1405 2682 Tentatio
1434 2614 1785 2679 communis
1812 2606 2115 2692 :empetirit

214 2770 335 2812 ros.
366 2745 568 2807 Oratio
594 2738 847 2820 respicit
869 2735 1118 2795 Petrum
1146 2735 1455 2811 quatenus
1475 2743 1509 2785 a
1536 2722 1780 2802 reliquo
1802 2717 2117 2799 Apostolo-

221 2876 364 2920 rum
406 2849 665 2930 collegio
701 2845 1089 2918 distinctum,
1115 2833 1323 2917 roqavi
1355 2850 1462 2913 pro
1501 2840 1575 2891 te.
1615 2829 1809 2890 Immo
1841 2840 2121 2904 expresse

214 2953 837 3034 contradistinguitur
864 2949 1079 3009 Petrus
1106 2944 1180 3005 ab
1209 2940 1475 3013 Ecclesia
1499 2936 1772 3017 reliqua:
1804 2933 1967 2994 Tu...
1990 2950 2121 2990 con-

210 3074 383 3155 firma
415 3068 640 3150 fratres
681 3072 830 3121 tuos,
873 3056 1028 3116 Sane
1070 3049 1239 3112 istud
1283 3048 1508 3109 fratres
1542 3038 1950 3105 confirmandi
1992 3034 2123 3098 offi-

211 3178 403 3246 cium,
427 3169 527 3232 cui
554 3165 775 3246 nequit
802 3178 927 3221 non
962 3174 1094 3218 esse
1123 3171 1361 3215 annexa
1387 3146 1830 3217 infallibilitaS‚
1862 3150 1951 3203 est
1978 3158 2128 3222 prae-

221 3278 494 3362 rogativa
541 3270 704 3333 Petri
752 3275 1057 3349 quatenus
1089 3281 1122 3323 a
1156 3259 1415 3341 reliquis
1462 3252 1767 3338 Apostolis
1822 3245 2123 3310 distincti.

217 3382 529 3460 Quomodo
576 3378 748 3440 enim
784 3371 986 3454 potuit
1020 3368 1305 3430 Christus
1355 3383 1500 3427 eum
1535 3381 1567 3423 a
1604 3367 1968 3423 caeterorum
2013 3352 2131 3415 col-

220 3494 381 3576 legio
429 3487 654 3552 clarius
700 3481 1118 3559 distinguere,
1157 3492 1349 3556 quam
1383 3468 1686 3533 dicendo:
1735 3466 1816 3527 Tu
1853 3462 2134 3545 confirma

282 3659 298 3687 ¹
332 3647 484 3704 Quoad
503 3647 627 3693 hunc
649 3646 694 3689 et
719 3638 831 3687 alios
850 3634 1099 3696 Scripturae
1118 3635 1286 3687 textuS‚
1308 3628 1412 3677 vide
1437 3638 1590 3688 supra,
1611 3626 1739 3685 parte
1758 3620 1811 3677 II,
1838 3619 2038 3669 sectione
2060 3616 2132 3672 111,

226 3742 327 3790 cap.
360 3741 393 3772 1.
