2340 3990
845 315 973 363 PARS
1001 312 1221 368 QUARTA.
1876 312 1964 358 253

106 426 373 483 haereseos
415 428 510 479 aut
557 421 841 497 apostasiae
892 425 1137 496 peccata,
1186 417 1453 491 contingit
1496 416 1610 473 fere
1653 434 1959 491 nunquam.

36 543 42 547 ·
102 520 287 579 Locuti
315 526 443 577 sunt
483 526 665 577 autem
698 519 846 576 citati
883 522 1066 592 patres
1091 517 1159 574 de
1189 515 1467 574 ordinarie
1489 513 1958 588 contingentibus;

104 617 162 674 in
182 637 290 691 quo
311 636 478 675 sensu
505 634 626 674 vere
651 615 758 672 dici
789 618 1000 690 potest:
1022 614 1185 688 Reqes
1216 617 1271 670 in
1294 615 1421 670 vitia
1450 621 1498 669 et
1519 620 1730 687 peccata
1758 618 1964 668 ruentes

104 735 136 772 a
163 716 300 771 nullo
328 722 640 772 coercentur.
671 712 780 767 Nec
803 716 918 766 erat
940 728 1041 766 cur
1062 711 1399 767 mentionem
1426 710 1669 768 facerent
1689 710 1757 766 de
1777 726 1966 783 excep-

103 813 294 869 tionali
318 831 380 870 ac
405 809 682 868 rarissimo
707 826 840 864 casu
867 825 976 880 quo
1013 807 1251 864 Ecclesia
1277 808 1492 881 justum
1515 815 1569 864 et
1594 814 1964 884 opportunum

98 911 309 986 judicet
347 910 404 965 in
442 895 625 980 regem
667 905 910 978 aliquem
948 905 1308 980 depositionis
1350 907 1679 962 sententiam
1719 923 1963 981 pronun-

102 1013 263 1079 tiare3
303 1027 427 1067 cum
451 1008 506 1063 in
540 1007 696 1081 praxi
727 1012 777 1063 et
802 1006 1078 1063 ordinarie
1115 1023 1272 1078 reges
1303 1004 1373 1061 ob
1397 1005 1528 1061 vitia
1555 1013 1608 1063 et
1636 1005 1839 1079 flagitia
1866 1023 1961 1062 sua

12 1142 17 1157 ι
102 1109 446 1168 metuendam
472 1105 827 1180 depositionis
853 1123 1065 1179 poenam
1086 1122 1197 1160 non
1231 1105 1485 1160 habeant.

169 1206 224 1262 5⁰
251 1206 467 1261 Fatetur
492 1203 608 1276 ipse
626 1203 855 1258 Bossuet
878 1219 976 1275 per
999 1200 1162 1257 citata
1194 1201 1417 1256 Patrum
1444 1200 1586 1256 dicta
1607 1219 1718 1256 non
1744 1202 1962 1258 excludi

91 1302 337 1358 Ecclesiae
364 1305 685 1374 potestatem
707 1318 865 1372 reges
891 1298 1178 1355 coercendi
1210 1316 1308 1372 per
1332 1299 1961 1355 excommunicationem

90 1399 330 1473 aliasque
368 1416 557 1472 poenas
603 1399 934 1473 spirituales,
963 1398 1213 1472 quamvis
1238 1398 1424 1454 Patres
1460 1398 1527 1454 de
1562 1398 1658 1454 illa
1696 1405 1961 1472 potestate

90 1495 166 1553 ibi
191 1514 300 1552 non
332 1496 651 1569 loquantur.
677 1496 918 1552 Dicimus
942 1515 1041 1552 nos
1065 1514 1164 1552 nec
1198 1495 1412 1552 excludi
1442 1501 1762 1571 potestatem
1804 1515 1960 1571 reges

88 1594 260 1670 poenis
301 1594 467 1649 etiam
501 1595 897 1668 temporalibus
932 1613 995 1651 ac
1032 1594 1369 1668 depositione
1401 1595 1710 1666 coercendi,
1738 1595 1865 1652 licet
1889 1597 1957 1652 de

0 1754 3 1759 ‚
87 1707 146 1748 ea
170 1691 503 1747 mentionem
533 1710 644 1747 non
669 1693 886 1749 saciant.

155 1789 235 1845 ΙΙΙ.
270 1790 455 1845 Texrus
498 1810 663 1844 SANcrl
701 1791 895 1845 GELAsn
930 1812 960 1846 Λ
1000 1791 1262 1846 Bossomlo
1293 1810 1584 1858 ALLEGATUS,
1622 1812 1681 1847 ET
1723 1812 1772 1848 m
1810 1813 1953 1848 Pium

84 1899 293 1945 nimum-2
324 1906 666 1942 nisu-mnus
684 1889 829 1943 —In
856 1888 1033 1961 prima
1068 1888 1307 1944 editione
1341 1889 1673 1961 Defensionis
1702 1890 1953 1959 (Luxern-

82 1984 236 2059 burgi
271 1987 434 2058 1750)
464 1987 564 2043 hoc
591 1987 753 2042 modo
794 1988 994 2043 citatur
1020 1987 1218 2043 Gelasii
1246 1994 1457 2044 textus:
1487 1989 1599 2044 Dno
1628 1998 1768 2055 sant,
1795 1993 1952 2063 impe-

41 2097 51 2109 ·
79 2092 221 2140 rator
253 2092 486 2157 anguste,
512 2086 690 2156 quibus
713 2086 1074 2158 principaliter
1104 2087 1325 2141 mandas
1353 2087 1435 2142 liic
1461 2089 1675 2158 reyitnm
1714 2089 1954 2143 sacerdo-

80 2181 196 2236 talis
243 2185 500 2238 autoritas
542 2191 593 2236 et
624 2184 812 2255 reyalis
844 2191 1091 2255 potestas,
1135 2202 1350 2244 U'rimouss
1391 2203 1697 2254 mmmmm,
1742 2205 1952 2240 surm-:MA

0 2338 2 2351 ‚
79 2298 307 2349 nmmos,
335 2300 492 2342 NEQUE
517 2300 565 2335 m
594 2301 774 2336 omem
811 2301 895 2336 sco
928 2301 1099 2336 Ami-:nl
1147 2303 1352 2338 omioxls
1392 2302 1499 2338 Esr.
1545 2283 1771 2339 Subdit:
1802 2285 1953 2341 Nosti

0 2360 2 2375 Ι
79 2380 229 2450 enim,
266 2380 656 2435 clementissime
697 2381 795 2451 fili,
847 2382 981 2452 quod
1024 2381 1164 2436 licet.
1185 2382 1467 2452 pra’sideas
1513 2383 1739 2438 hnmano
1779 2387 1954 2454 yeneri

0 2480 1 2491 ¹
81 2477 348 2549 diqnitate‚
384 2496 553 2532 rernm
583 2486 753 2534 tamen
777 2480 1085 2551 praesulibus
1116 2481 1408 2535 divinarum
1435 2482 1648 2536 devotus
1674 2483 1808 2538 colla
1835 2484 1951 2538 sub·

81 2576 312 2630 mittis...
332 2585 484 2648 atque
506 2578 568 2630 ab
596 2578 670 2631 eis
692 2595 874 2632 causas
908 2585 1010 2633 tnae
1031 2579 1216 2633 salutis
1240 2582 1438 2650 eatpetis
1453 2602 1469 2643 ,·
1513 2582 1666 2652 inque
1690 2583 1951 2636 sumendis

79 2673 357 2728 coelestibas
385 2678 746 2744 sacramentis,
784 2678 957 2747 eisque
988 2684 1042 2731 ut
1074 2680 1313 2749 competit
1342 2679 1696 2750 disponendis,
1726 2682 1876 2736 sabdi
1903 2689 1950 2736 te

81 2765 262 2820 debere
302 2771 557 2838 coynoscis
584 2770 847 2841 reliyionis
891 2773 1070 2827 ordine
1110 2775 1285 2844 potins
1331 2793 1485 2845 qnam
1520 2794 1785 2846 praeesse:
1813 2781 1951 2834 nosti

80 2862 250 2934 itaque
275 2865 408 2917 inter
432 2866 536 2919 haec
558 2884 621 2922 ea:
647 2867 850 2923 illorum
879 2877 927 2923 te
947 2871 1173 2941 pendere
1186 2873 1404 2943 jndicio,
1435 2891 1538 2927 non
1568 2874 1684 2929 illos
1713 2877 1783 2930 acl
1810 2886 1950 2932 taam

80 2958 206 3013 velle
244 2961 405 3033 rediyi-
443 2963 773 3021 volantatem.
808 2966 865 3021 Si
905 2969 1038 3021 enim
1077 2976 1324 3039 quantam
1369 2971 1437 3024 ad
1478 2972 1709 3027 ordinem
1752 2982 1949 3045 spectat

78 3058 288 3126 publtcae
312 3061 614 3133 disciplina),
645 3074 999 3134 coynoscentes
1032 3069 1301 3138 imperinm
1331 3071 1420 3123 tibi
1460 3088 1684 3142 superna
1728 3074 1948 3146 disposi-

87 3150 220 3240 tione
242 3157 496 3227 collatum,
515 3160 705 3232 leyibns
730 3165 830 3216 tais
847 3166 947 3235 ipsi
965 3182 1162 3237 qnoque
1178 3175 1365 3236 parent
1390 3167 1651 3239 reliyionis
1668 3174 1945 3239 antistites,

89 3262 205 3316 que,
228 3267 368 3323 roqo,
389 3263 437 3310 te
459 3258 598 3313 decet
625 3262 821 3332 assecta
855 3265 927 3317 eis
954 3264 1159 3318 obedire
1185 3267 1270 3336 qni
1291 3283 1389 3337 pro
1428 3268 1701 3338 eroqandis
1738 3287 1946 3324 venera-

87 3338 263 3396 bilibus
283 3353 399 3400 sunt
429 3353 659 3408 attributi
680 3358 1036 3427 mysteriis?...
1069 3359 1150 3430 (T.
1178 3360 1217 3426 1,
1247 3379 1367 3435 pag.
1400 3363 1555 3434 1166.)

160 3438 410 3497 Consistit
432 3446 732 3535 falsificatio
762 3453 817 3507 in
839 3455 1035 3512 additis
1068 3459 1239 3514 textui
1273 3460 1422 3516 hisce
1447 3462 1672 3518 vocibus
1696 3484 1706 3513 ε
1732 3470 1946 3532 utraque

82 3537 402 3608 principa-lis,
429 3559 662 3615 suprema
685 3557 920 3623 utraque,
951 3571 1111 3627 neque
1143 3559 1197 3611 in
1222 3560 1388 3630 officio
1412 3579 1506 3614 sno
1543 3562 1696 3614 alteri
1724 3560 1943 3612 obnoaeia

86 3642 183 3688 est.
226 3635 357 3690 Sunt
390 3638 521 3709 haec,
563 3659 667 3698 non
701 3646 920 3720 Gelasii,
946 3653 1039 3708 sed
1063 3654 1333 3712 Bossuetii
1362 3658 1542 3713 verba.
1572 3659 1740 3720 Quam
1765 3663 1945 3713 tamen
