2340 3990
355 243 446 292 562
682 284 688 289 .
1033 240 1335 288 TRACTATUS
1364 241 1430 287 DE
1461 242 1609 288 PAPA.

353 353 476 406 tare
507 347 789 405 desinant.
821 344 900 400 Ob
927 343 1214 418 publicam
1242 363 1448 420 nempe
1474 346 1533 401 in
1556 347 1792 404 concilio
1815 350 2315 431 confutationem„

354 454 410 506 et
442 448 886 520 subsequentem
913 445 1329 518 confusionem,
1360 446 1642 504 vilescunt
1674 452 1727 504 et
1765 447 1982 505 viribus
2019 451 2088 507 ad
2115 432 2314 527 Sedu-²3,

354 547 558 604 cendas
598 542 790 618 plebes
817 542 1230 601 destituuntur
1267 544 1372 608 Qui
1414 545 1648 602 effectus
1689 553 1922 620 possunt
1961 566 2076 604 non
2119 532 2307 626 sequi}

353 664 419 703 ex
467 643 585 700 sola
626 643 782 716 Papae
824 643 1174 721 definitione,
1217 644 1350 702 licet
1396 663 1510 701 non
1553 645 1743 702 minor
1785 647 1856 702 sit
1901 647 2067 720 hujus
2107 651 2311 729 quam

354 743 578 799 concilii
611 743 946 800 oecumenici
981 743 1304 800 auctoritas,
2296 814 2313 818 ‚⁷

426 842 721 898 Paoposmo
746 841 854 897 XF.
878 874 953 883 —
971 842 1258 899 Concilium
1286 845 1654 899 oecumenicum
1673 851 2005 917 potestesse,
2035 863 2141 900 non
2165 853 2287 911 tan-

356 946 465 994 tum
508 939 659 1009 utile,
712 939 806 994 sed
849 941 1010 995 etiam
1051 941 1234 995 stricte
1267 943 1640 1007 necessarium,
1690 942 1758 996 acl
1803 944 1897 998 hoo
1938 949 1993 997 ut
2032 943 2096 997 de
2138 943 2279 1014 facto¹
2303 971 2309 975 ·“

352 1039 644 1095 evellantur
685 1039 846 1111 aliqui
892 1058 1099 1095 errores
1137 1042 1274 1095 inter
1316 1041 1599 1097 catholicos
1641 1045 1835 1114 exorti,
1878 1044 2002 1115 quin
2039 1050 2302 1110 errantes-3

352 1143 507 1192 caetra
549 1137 840 1192 Ecclesiam
875 1138 1247 1209 projiciantur.
1277 1138 1565 1211 —Agitur
1599 1139 1688 1195 hic
1725 1140 1792 1195 de
1825 1140 2114 1196 erroribus
2142 1159 2292 1215 quo··-=

349 1252 478 1290 rum
508 1240 955 1309 propugnatores
1000 1252 1113 1289 non
1155 1239 1289 1290 sunt
1332 1235 1644 1293 formaliter
1670 1238 1938 1305 haeretici,
1986 1239 2117 1295 licet
2158 1223 2311 1319 gra-‘3

350 1333 495 1389 viter
533 1339 766 1406 peccent
807 1332 918 1388 nisi
962 1332 1108 1387 bona
1145 1332 1252 1386 tide
1295 1339 1652 1400 excusentur3
1693 1336 1887 1407 quales
1931 1342 2084 1407 sunt,
2120 1330 2321 1416 v'erbixgt

352 1432 551 1506 gratia,
586 1436 831 1503 quatuor
855 1430 1085 1486 articuli
1113 1430 1385 1509 Gallicani
1421 1431 1556 1487 anni
1582 1432 1751 1502 116823
1789 1433 1886 1507 qui
1912 1434 2043 1491 licet
2069 1419 2307 1508 pluries}
2338 1442 2340 1452 ¹

349 1549 378 1587 a
407 1531 547 1587 Sede
575 1531 889 1604 Apostolica
930 1531 1214 1605 reprobati
1255 1531 1390 1601 sint,
1429 1549 1542 1588 non
1567 1537 1758 1588 tamen
1793 1552 1921 1589 cum
1953 1539 2080 1590 nota
2109 1535 2279 1593 haere-

354 1647 497 1686 seos
525 1629 797 1702 Equidem
826 1630 896 1685 ad
925 1631 1031 1686 hoc
1059 1636 1123 1687 ut
1156 1631 1249 1687 isti
1286 1648 1504 1687 errores
1539 1649 1668 1687 cum
1693 1633 1853 1705 plena
1888 1638 1941 1689 et
1967 1652 2077 1708 qua
2101 1635 2298 1708 major·

353 1745 475 1784 esse
502 1733 744 1800 nequeat
765 1729 1097 1786 auctoritate
1116 1730 1478 1801 damnentur,
1509 1736 1562 1787 et
1589 1748 1782 1787 eorum
1813 1738 2274 1807 propugnatoreS,

353 1825 465 1881 nisi
508 1825 867 1900 resipiscant,
913 1833 1064 1883 extra
1120 1827 1425 1884 Ecclesiam
1467 1829 1856 1903 projiciantur,
1901 1832 2276 1888 necessarium

351 1943 465 1981 non
495 1931 575 1982 est
602 1927 909 1983 concilium
941 1928 1382 2001 oecumenicum,
1413 1928 1509 1984 scd
1537 1929 1742 1985 sufficit
1767 1931 1923 2004 Papae
1951 1931 2271 1987 auctoritaS.
2310 1983 2314 1985 i

348 2023 485 2080 Nam
520 2025 566 2080 si
591 2026 734 2101 Papa
766 2027 1056 2083 haerelicos
1084 2026 1343 2083 definiret
1376 2026 1554 2083 dictos
1591 2028 1878 2097 articulos,
1912 2029 2016 2085 hoc
2043 2030 2162 2104 ipso
2186 2028 2279 2085 isti

349 2142 572 2180 errores
620 2142 686 2180 ex
729 2126 974 2182 Ecclesia
1020 2126 1323 2182 efficaciter
1370 2125 1809 2199 extirparentur;
1862 2127 2142 2201 siquidem
2183 2126 2279 2201 qui

348 2222 429 2279 eis
475 2224 660 2280 adhuc
706 2224 1059 2282 adhaererent
1101 2228 1218 2300 jam
1257 2226 1315 2280 in
1351 2225 1595 2282 Ecclesia
1634 2245 1747 2282 non
1779 2232 1982 2283 essent.
2031 2227 2135 2282 Sed
2185 2244 2276 2282 ne-

349 2324 660 2380 cessarium
712 2343 838 2382 esse
885 2345 1047 2399 posse
1093 2326 1337 2383 dicimus
1393 2326 1699 2382 concilium
1751 2326 2166 2382 oecumenicum
2210 2325 2276 2382 ad

349 2423 586 2494 hoo„ut
620 2424 711 2480 isti
755 2442 975 2481 errores
1016 2425 1330 2482 evellantur
1370 2424 1832 2498 resipiscentibus
1880 2425 2144 2481 omnibus
2185 2427 2276 2481 aut

348 2521 464 2578 fere
495 2524 759 2580 omnibus
795 2543 990 2580 eorum
1018 2526 1558 2600 propugnatoribUS,
1596 2525 1670 2581 ita
1698 2531 1761 2581 ut
1792 2526 1850 2581 in
1885 2526 2144 2583 haeresim
2179 2542 2275 2582 seu

348 2626 503 2676 extra
525 2621 831 2678 Ecclesiam
858 2643 969 2679 non
998 2630 1292 2699 proruant.
1317 2626 1453 2680 Nam
1480 2644 1545 2681 ex
1578 2626 1851 2680 imbibitis
1887 2626 2132 2697 regionis
2163 2641 2276 2681 suae
2302 2698 2306 2702 ,

347 2721 713 2795 opinionibus
750 2722 1033 2797 variisque
1073 2712 1202 2779 aliis
1230 2724 1696 2796 circumstantiis,
1739 2731 1973 2798 possunt
1999 2725 2296 2798 dictorumv

346 2837 604 2876 errorum
647 2827 1091 2895 propugnatores
1125 2840 1240 2878 esse
1274 2822 1350 2878 ita
1390 2822 1579 2878 animo
1604 2812 1931 2898 vcomparati
1956 2830 2038 2891 ut,
2078 2824 2124 2880 si
2148 2810 2290 2898 pro·.

347 2920 570 2975 nuntiet
608 2920 910 2976 concilium
941 2921 1379 2988 oecumenicum,
1416 2922 1739 2978 obsecuturi
1781 2922 1909 2993 sint,
1947 2941 2058 2979 non
2087 2928 2272 2995 autem

350 3013 397 3069 si
436 3016 590 3072 solus
630 3016 772 3090 Papa
804 3018 1165 3091 >pronuntiet;
1206 3037 1269 3074 eo
1303 3018 1473 3091 quod,
1519 3017 1674 3074 verbi
1718 3018 1912 3091 gratia,
1952 3018 2097 3076 inter
2137 3007 2299 3076 alios'

346 3130 598 3183 erroreS,
629 3114 734 3169 sibi
765 3115 905 3170 falso
932 3116 1317 3189 persuaserint
1345 3115 1707 3171 infallibilem
1736 3123 1789 3171 et
1816 3133 2137 3189 supremam
2165 3133 2271 3172 non
2300 3158 2306 3165 >

348 3228 470 3267 esse
494 3211 550 3266 in
577 3210 889 3268 definienda
917 3214 1027 3271 fide
1052 3215 1289 3271 Romani
1311 3215 1593 3271 Pontificis
1618 3215 2028 3272 auctoritatem.
2059 3217 2289 3280 Quibus.

349 3310 658 3366 stantibus
678 3310 1147 3383 circumstantiis,
1182 3330 1295 3367 non
1320 3312 1665 3368 reducentur
1698 3314 1977 3387 ejusmodi
2020 3319 2294 3371 errantes:

349 3409 470 3490 sine
499 3410 737 3467 concilio
779 3411 1145 3468 oecumenico,
1179 3412 1319 3485 Ergo
1355 3411 1422 3468 ad
1465 3412 1678 3469 dictum
1721 3413 1984 3470 effectum
2018 3414 2285 3471 obtinen-'

349 3508 514 3580 dum,
566 3510 756 3568 stricte
805 3511 1184 3569 necessarium
1230 3529 1351 3569 esse
1395 3517 1576 3586 potest
1622 3513 1923 3570 concilium
1968 3512 2267 3571 oecumeni-

351 3625 500 3665 cum.
