2352 4126
876 412 1007 460 PARS
1034 411 1254 466 QUARTA.
1946 408 2002 455 57

133 520 318 578 cunda
357 524 595 593 potestas
627 522 712 574 est
742 516 801 571 in
834 516 1096 572 omnibus
1132 514 1413 590 Episcopis
1447 518 1501 571 et
1531 512 1795 588 praelatis.
1827 511 2008 567 Tertia

133 623 371 692 potestas
403 610 804 689 jurisdictionis
825 613 1143 686 temporalis
1173 619 1256 670 est
1284 614 1342 668 in
1373 611 1635 668 omnibus
1662 609 2009 684 imperatori-

138 715 266 783 bus,
295 714 514 788 regibus
535 717 589 768 et
611 709 961 785 principibus
984 711 1410 766 saecularibuS...
1431 708 1722 782 Loquendo
1746 708 1814 765 de
1829 713 2010 782 potes-

134 818 244 869 tate
261 807 658 885 jurisdictionis
689 813 800 863 tam
839 807 1216 882 spiritualium
1246 826 1416 881 quam
1440 806 1857 879 temporalium,
1883 804 2011 861 talis

138 918 221 967 est
251 912 307 966 in
331 911 470 984 Papa
492 910 833 980 immediate,
861 908 1007 983 quod
1029 909 1294 982 probatur
1308 908 1602 982 tripliciter
1744 906 1846 962 Sed
1864 904 2013 978 quod

139 1014 376 1082 potestas
414 1008 732 1081 temporalis
767 1007 1187 1080 imperatorum,
1226 1023 1423 1078 regum
1458 1011 1512 1060 et
1540 1005 1777 1060 aliorum
1814 1003 2014 1077 princi-

132 1126 268 1181 pum
303 1105 652 1162 saecularium
678 1107 747 1161 sit
778 1107 832 1160 in
860 1106 1203 1160 ministerium
1237 1104 1361 1158 data
1402 1121 1434 1157 a
1462 1103 1571 1157 Deo
1611 1103 1774 1174 Papae
1800 1107 1854 1156 et
1887 1100 2015 1156 aliis

139 1203 376 1277 praelatis
412 1202 663 1258 Ecclesiae
700 1202 758 1257 in
793 1201 998 1275 quibus
1034 1201 1238 1257 residet
1263 1204 1502 1274 potestas
1529 1198 1858 1272 spiritualis,
1887 1216 2012 1271 pro-

135 1301 297 1356 batur
322 1307 591 1373 quantum
615 1301 683 1356 ad
718 1288 958 1374 praesens
984 1304 1223 1373 quatuor
1245 1297 1575 1354 rationibuS.
1593 1295 1860 1351 —Primo
1887 1294 1967 1350 sic
1997 1316 2007 1347 :

131 1397 224 1452 illa
253 1403 491 1470 potestas
526 1403 608 1453 est
648 1397 771 1453 data
801 1398 870 1453 ad
899 1396 1276 1453 ministerium
1311 1394 1491 1461 alteri,
1522 1412 1621 1467 per
1658 1411 1822 1467 quem
1851 1392 2014 1447 habet

134 1494 372 1563 institui,
414 1496 675 1568 regulari,
710 1496 955 1551 ordinari
996 1502 1158 1568 atque
1191 1493 1529 1559 confirmari,
1571 1493 1616 1548 si
1651 1493 1795 1547 bona
1834 1492 1925 1557 sit3
1961 1497 2014 1548 et

137 1609 235 1664 per
262 1610 426 1664 quem
454 1593 617 1648 habet
633 1593 873 1666 judicari
899 1599 953 1650 et
976 1593 1357 1658 condemnari,
1390 1592 1435 1647 si
1476 1610 1585 1646 non
1616 1591 1758 1646 bona
1786 1591 1876 1646 sit.
1908 1589 2010 1646 Sed

129 1689 254 1744 talis
271 1695 352 1745 est
370 1691 904 1762 potestas'saecularis
930 1691 1352 1765 imperatorum,
1373 1707 1568 1761 regum
1587 1694 1640 1744 et
1669 1688 2007 1761 principum,

134 1802 255 1855 quae
279 1803 375 1857 per
407 1792 727 1858 potestatem
751 1788 906 1861 Papae
931 1789 1097 1845 habet
1128 1788 1366 1852 institui,
1395 1786 1638 1858 regulari
1662 1791 1714 1841 et
1739 1785 2005 1851 ordinari,

137 1881 182 1936 si
211 1882 352 1937 bona
379 1889 479 1947 est;
511 1890 562 1938 ct
586 1902 683 1956 per
708 1885 884 1957 ipsam
911 1885 1075 1940 habet
1098 1885 1451 1941 condemnari
1478 1891 1530 1939 et
1541 1884 1782 1957 judicari
1802 1884 1847 1939 si
1866 1884 2009 1939 bona

132 1995 242 2032 non
277 1979 367 2033 sit.
406 1979 542 2051 Ergo
570 1979 696 2035 talis
723 1986 960 2054 potestas
990 1999 1101 2036 non
1135 1987 1215 2036 est
1244 1982 1561 2036 immediate
1585 1999 1613 2035 a
1647 1981 1773 2050 De0,
1807 1982 1902 2036 sed
1929 1988 2011 2036 est

133 2075 190 2129 in
238 2077 609 2131 ministerium
646 2079 928 2151 potestatis
967 2079 1273 2153 spiritualis
1309 2079 1451 2134 data.
1492 2079 1796 2150 Utrumque
1834 2097 2009 2134 inem-

126 2173 291 2228 brum
320 2174 603 2246 probatur.
631 2175 903 2232 Scribitur
923 2178 1071 2233 enim
1097 2178 1227 2231 XXII
1258 2178 1629 2242 distinctione,
1660 2177 1807 2249 quod
1834 2183 2009 2250 potes-

129 2276 211 2327 tas
235 2273 387 2345 Papae
429 2273 727 2345 cujuslibet
762 2274 973 2329 ordinis
1008 2274 1329 2346 dignitatem
1358 2280 1412 2330 et
1442 2276 1674 2346 gradum
1718 2275 2008 2331 instituere

136 2369 328 2434 hahet3
371 2370 548 2443 ipsam
590 2389 717 2428 vero
760 2372 911 2427 solus
935 2372 1185 2428 Christus
1225 2372 1475 2428 fundavit
1500 2378 1553 2427 et
1591 2390 1758 2445 supra
1792 2378 2006 2445 petram

126 2464 253 2520 fidei
287 2484 413 2520 mox
447 2467 718 2523 nascentis
758 2469 949 2535 erexit,
979 2469 1199 2541 quando
1223 2469 1383 2524 Beato
1417 2469 1592 2534 Petro,
1635 2474 1851 2524 aeternae
1882 2470 2006 2526 vitae

131 2560 422 2632 clavigcrO,
470 2563 678 2619 terreni
719 2564 891 2620 simul
922 2571 975 2621 et
1009 2566 1247 2621 coelestis
1287 2566 1507 2639 imperii
1541 2568 1666 2640 jura
1701 2566 2003 2622 commisit.

131 2658 283 2722 Quod
316 2678 441 2715 vero
477 2662 672 2718 habeat
702 2681 925 2720 omnem
967 2669 1289 2737 potestatem
1332 2666 1652 2721 saecularem
1672 2666 1920 2737 judicare
1954 2672 2005 2722 et

133 2755 406 2828 deponere
440 2758 486 2812 si
527 2778 638 2815 non
679 2760 822 2816 bona
847 2761 938 2831 sit,
979 2767 1125 2835 patet
1161 2763 1264 2828 XV,
1304 2782 1357 2836 q.
1388 2783 1452 2829 vl,
1498 2764 1828 2819 ubidicitur
1859 2764 2007 2838 quod

129 2854 413 2911 Zacharias
465 2857 604 2930 Papa
646 2858 926 2916 Romanus
969 2860 1215 2916 Pontifex
1261 2880 1445 2934 regem
1486 2862 1844 2936 Francorum,
1898 2881 2007 2918 non

131 2955 242 3004 tam
284 2970 380 3024 pro
423 2954 538 3009 suis
580 2955 969 3029 iniquitatibus
1010 2977 1177 3031 quam
1219 2959 1383 3014 etiam
1413 2978 1512 3034 pro
1561 2978 1625 3015 co
1659 2961 1805 3033 quod
1845 2966 2009 3017 tantae

133 3050 387 3118 potestati
428 3057 543 3106 erat
578 3051 816 3120 inutilis,
857 3073 887 3110 a
913 3073 1083 3130 regno
1120 3057 1391 3130 deposuit,
1429 3062 1483 3112 et.
1513 3057 1768 3131 Pipinum
1795 3064 2007 3132 patrem

125 3141 298 3198 Caroli
328 3145 678 3219 imperatoris
695 3150 816 3206 loco
850 3151 972 3224 ejus
1006 3152 1621 3210 instituit.—Secundo
1654 3156 1768 3211 sic:
1800 3156 1894 3211 illa
1921 3175 2012 3231 po-

140 3241 302 3295 testas
330 3247 412 3296 est
450 3243 506 3298 in
533 3245 907 3303 ministerium
937 3249 1060 3305 data
1091 3250 1270 3315 alteri,
1311 3250 1401 3305 cui
1438 3252 1817 3323 juramentum
1842 3252 2014 3308 fideli-

130 3334 264 3390 tatis
287 3346 525 3410 praestat,
552 3348 605 3398 et
630 3343 699 3399 ab
725 3363 788 3400 eo
816 3347 1099 3419 cognoscit
1119 3365 1282 3402 omne
1312 3347 1459 3421 quod
1489 3348 1672 3404 hahet.
1703 3350 1805 3405 Sed
1832 3349 2013 3404 omnis

127 3445 160 3498 p
177 3434 375 3490 otestas
401 3439 751 3496 saecularium
780 3443 1119 3517 principum,
1148 3445 1548 3518 imperatorum
1576 3451 1628 3502 et
1644 3445 1905 3513 aliorum,
1931 3448 2013 3499 est

133 3521 279 3578 talis,
319 3526 522 3585 Dicitur
562 3534 709 3589 enim
756 3536 921 3608 (LXIII
962 3538 1336 3606 distinctione,
1380 3557 1590 3596 canone
1635 3541 1742 3595 Tibi
1781 3537 2007 3609 domino)

136 3620 287 3690 quod
316 3620 613 3696 imperator
641 3632 795 3703 jurat
825 3653 1044 3691 summo
1080 3636 1329 3694 Pontifici
1366 3656 1651 3710 nunquam
1689 3635 2009 3691 mandatum

133 3719 439 3788 praeterire,
470 3727 523 3778 et
562 3724 668 3782 sibi
711 3728 770 3785 in
793 3731 1054 3790 omnibus
1087 3733 1406 3791 fidelitatem
1444 3750 1680 3791 servare.
1725 3731 1863 3803 Ergo
1889 3731 2012 3788 talis
