2340 4062
283 319 356 367 ’60
965 315 1259 366 TRACTATUS
1289 316 1358 363 DE
1387 317 1536 365 ΡΑΡΑ.

299 426 508 500 Anqliae
547 431 658 501 reyi
681 431 818 486 viam
841 429 897 482 in
924 426 1159 480 haeresim
1176 447 1195 490 ,·
1224 443 1288 482 ex
1329 427 1526 499 injusto
1565 429 1785 500 repudio
1803 431 1946 503 juste
1971 433 2213 490 condem-

297 537 488 585 natum
509 571 526 599 ‚
571 530 850 586 rebellasse
883 533 1068 582 contra
1090 526 1323 598 judicem
1360 546 1514 584 suum
1542 551 1561 595 ‚·
1601 547 1711 585 non
1747 511 1891 587 aliud
1925 537 2218 606 praecinere

299 631 487 690 thesim
511 629 769 705 (l'article
791 628 868 683 du
899 626 1034 683 tiers
1058 627 1190 702 etat)
1217 646 1372 702 quam
1401 629 1731 686 rebelliovzem
1757 633 1811 686 in
1831 632 2021 689 solium
2042 635 2207 693 Petri.

370 729 548 803 Igitur
569 732 719 784 certo
739 725 947 783 certius
978 732 1080 795 est,
1115 745 1146 783 a
1173 728 1416 786 comitiis
1441 729 1579 785 cleri
1605 730 1739 786 anni
1769 731 1916 788 1615
1948 732 2212 807 rejectam

293 828 470 884 fuisse
509 827 663 881 illam
691 826 871 900 ipsam
908 826 1249 900 doctrinam,
1278 828 1370 885 cui
1396 828 1640 887 infauste
1677 830 1960 888 adhaesere
1986 833 2210 890 comitia

291 926 427 983 cleri
449 924 584 981 anni
614 925 782 982 1682.

287 1130 312 1181 (ξ
334 1127 400 1170 11.
419 1151 474 1159 -
492 1129 551 1170 Ab
583 1128 635 1170 iis
660 1129 787 1170 etiam
810 1130 968 1171 scholae
998 1130 1252 1177 doctoribus.
1284 1132 1359 1184 qui
1382 1133 1629 1176 audaciores
1653 1135 1832 1178 extitere
1855 1135 1899 1177 in
1928 1137 2211 1189 deprimenda

341 1199 522 1240 Romani
541 1199 755 1240 Pontificis
778 1199 1053 1252 auctoritate,
1079 1201 1220 1254 aliqua
1241 1201 1432 1244 Ecclesiae
1466 1204 1680 1245 tribuitur
1705 1211 1888 1258 potestas
1913 1206 1957 1247 in
1981 1219 2073 1248 rem
2099 1213 2211 1249 tem-

339 1267 531 1320 poralem
558 1271 764 1308 statuum.

361 1413 427 1469 Ut
462 1412 642 1486 magis
681 1417 866 1488 pateat
895 1417 1106 1468 asserta
1129 1413 1334 1470 scholae
1360 1415 1678 1484 consensi0‚
1720 1433 1814 1472 eos
1843 1416 1936 1473 hic
1969 1418 2206 1474 seorsim

283 1513 540 1570 doctores
566 1513 1013 1586 indigitabimus‚
1047 1513 1144 1587 qui
1175 1513 1469 1570 infensiori
1503 1515 1691 1570 animo
1726 1516 1983 1590 Papalem
2021 1523 2209 1574 aucto-

283 1613 509 1670 ritatem
536 1615 833 1670 corrodere
862 1613 974 1669 nisi
1014 1619 1166 1684 sunt,
1194 1619 1249 1670 et
1271 1615 1374 1671 hac
1410 1616 1479 1671 de
1503 1633 1673 1672 causa
1711 1617 1911 1673 merito
1938 1619 2087 1692 apud
2122 1636 2209 1674 ca-

284 1713 523 1770 tholicos
563 1732 760 1770 omnes
786 1731 887 1788 pro
924 1714 1200 1788 suspectis
1240 1732 1302 1769 ac
1339 1715 1517 1771 deviis
1554 1716 1738 1771 notari
1776 1716 1975 1772 solent.
2011 1717 2208 1773 Praeci-

285 1831 428 1887 puos
446 1818 702 1869 recenset
717 1812 873 1883 Azor3
907 1813 1003 1869 sed
1022 1817 1183 1868 antea
1212 1812 1352 1887 ipsis
1370 1808 1655 1888 praeivisse
1674 1815 1965 1870 haereticos
1983 1821 2210 1871 enarrat

281 1911 342 1966 in
370 1912 522 1968 hunc
548 1912 783 1968 modum
808 1933 819 1965 :

361 2031 389 2063 «
422 2009 482 2065 In
517 2009 718 2084 primis
753 2010 1077 2077 Lutherani‚
1123 2010 1436 2067 Calvinistae
1477 2015 1531 2067 et
1572 2010 1668 2066 alii
1712 2010 1958 2067 haeretici
2002 2018 2208 2085 negant

279 2110 456 2166 ullam
495 2129 617 2167 esse
644 2109 702 2166 in
731 2111 981 2168 Romano
1014 2110 1281 2167 Pontifice
1315 2115 1644 2185 potestatem
1682 2110 1739 2164 in
1772 2111 2199 2185 temporalibus,

278 2209 702 2266 FuitMarsilius
721 2209 951 2283 quidam
967 2210 1260 2265 Patavinus
1281 2209 1378 2283 qui
1393 2209 1586 2264 docuit
1607 2209 1747 2264 duas
1766 2226 1887 2265 esse
1909 2209 1967 2264 in
1990 2211 2203 2267 mundo

277 2315 580 2384 potestates
608 2327 903 2384 supremas
937 2327 967 2364 a
993 2327 1051 2364 se
1078 2308 1317 2364 invicem
1356 2308 1666 2375 distinctas,
1697 2308 2117 2383 imperatoriam
2147 2315 2202 2367 et

276 2404 650 2479 pontificiam3
703 2421 947 2476 quarum
1002 2408 1204 2460 neutra
1253 2405 1522 2478 penderet
1569 2403 1636 2459 ab
1686 2404 1932 2461 altera...
1988 2406 2199 2464 Deinde

275 2505 465 2562 aiebat
492 2504 609 2571 ille,
639 2503 873 2560 clericos
903 2521 1122 2574 omnes,
1143 2508 1198 2560 et
1238 2504 1427 2578 ipsum
1450 2504 1620 2560 etiam
1641 2504 1958 2561 Romanum
1979 2505 2199 2562 Pontifi-

278 2623 406 2662 cem
449 2605 509 2660 in
535 2603 721 2661 causis
750 2604 1015 2661 civilibus
1045 2609 1098 2659 et
1122 2605 1538 2679 temporalibus
1568 2623 1688 2662 esse
1714 2605 2041 2681 imperatori
2070 2607 2198 2663 sub-

274 2705 477 2778 jectOS‚
500 2703 610 2760 nisi
632 2703 990 2779 imperatoris
1016 2703 1195 2779 ipsius
1217 2704 1508 2779 privilegio
1539 2705 2000 2780 exciperentur...
2022 2705 2197 2763 Adde-

271 2803 368 2859 bat
392 2806 695 2877 postremo,
743 2801 802 2856 in
846 2801 1032 2858 causis
1074 2806 1128 2858 et
1155 2801 1489 2859 criminibus
1526 2803 1920 2860 ecclesiasticis
1960 2803 2198 2878 impera-

273 2907 424 2957 tores
474 2905 529 2957 et
579 2905 809 2956 caeteros
864 2900 1202 2957 christianos
1257 2901 1493 2957 Romani
1545 2901 1824 2958 Pontificis
1880 2900 2197 2957 auctoritati

274 2998 549 3073 subjici...
593 2998 830 3073 Insuper
862 2997 910 3053 si
954 2998 1324 3072 imperatores
1365 3004 1464 3056 aut
1493 2999 1589 3056 alii
1635 2998 1932 3055 christiani
1977 2997 2106 3054 laici
2135 2998 2194 3053 in

272 3098 605 3173 hujusmodi
651 3098 890 3155 crimina
921 3099 1372 3173 prolaberentur,
1414 3117 1579 3174 posse
1616 3099 1845 3173 quidem
1875 3098 2096 3154 dicebat
2124 3097 2193 3154 ab

273 3199 515 3256 Ecclesia
540 3198 755 3273 puniri,
791 3199 888 3255 sed
916 3204 1135 3255 tantum
1177 3199 1357 3274 poenis
1382 3198 1794 3266 ecclesiasticiS‚
1820 3196 2080 3254 videlicet
2103 3215 2192 3254 ex-

275 3297 783 3356 communicatione
829 3303 883 3355 et
915 3298 1247 3356 interdicto:
1277 3316 1389 3354 non
1423 3303 1615 3354 tamen
1652 3297 1776 3353 aliis
1815 3297 1995 3372 poenis
2020 3297 2193 3354 civili-

273 3399 452 3456 huS...
489 3396 543 3455 Si
579 3415 676 3453 rex
700 3396 788 3454 vel
823 3396 1131 3472 imperator
1164 3397 1236 3453 sit
1270 3396 1588 3466 haereticuS,
1627 3398 1714 3453 vel
1751 3396 1985 3471 impius,
2013 3401 2193 3471 potest

274 3496 521 3556 Ecclesia
561 3515 692 3554 eum
737 3516 768 3553 a
810 3497 983 3554 sacris
1023 3503 1078 3555 et
1108 3497 1370 3554 societate
1403 3497 1630 3572 piorum
1670 3515 1926 3554 amovere
1967 3501 2031 3553 ut
2056 3496 2192 3553 resi-

274 3598 524 3672 piscat...
563 3598 718 3664 Quod
744 3597 794 3656 si
818 3599 1191 3656 anathematis
1225 3597 1453 3655 vinculo
1481 3597 1782 3655 obstrictus
1810 3615 2007 3673 parere
2032 3602 2086 3653 et
2110 3614 2191 3652 re-

276 3699 540 3775 sipiscere
577 3699 937 3774 recusaverit,
983 3699 1242 3775 nequibit
1266 3697 1510 3756 Ecclesia
1537 3717 1668 3757 eum
1694 3699 1905 3757 ditione
1940 3702 1995 3755 et
2018 3697 2190 3771 impe-

675 3940 701 3950 ς
