2340 3990
34 0 133 126 f

68 133 101 160 e]

863 270 992 317 PARS
1025 270 1239 318 OCTAVA.
1904 270 1992 316 415

81 379 385 439 2sideretur
409 385 700 453 antequam
741 378 1099 439 confirmetur
1135 397 1166 435 a
1191 378 1351 452 Papa.
1384 375 1602 444 Quintus
1625 375 1751 443 erit,
1788 376 1836 432 si
1860 395 1991 434 con-

84 477 303 536 scilium
346 477 554 551 aliquid
611 477 833 534 definiat
879 475 1318 552 repugnantibus
1350 474 1597 548 ⁴Legatis‚
1655 474 1989 533 habentibus

84 574 550 635 ¹instructionem.
593 574 816 646 Sextus,'
835 575 883 631 si
908 575 1134 631 definiat
1169 573 1604 649 repugnantibus
1647 573 1852 646 Legatis
1892 573 1990 647 qui

87 674 271 732 'talem
298 672 719 730 instructionem
750 691 859 729 non
884 673 1104 729 hahent.
1132 694 1159 726 »
1190 673 1307 737 Quo
1335 675 1658 746 praenotato,
1689 670 1759 726 sit
1784 691 1795 724 ε

182 772 464 829 Pnorosrrio
499 773 559 829 1².
588 805 662 814 ——
699 773 942 845 Definitio
972 772 1173 827 concilii
1209 772 1502 827 oecumenici
1538 773 1673 826 circa
1708 771 1866 842 fidem
1899 779 1991 827 aut

107 889 294 938 mores,
315 879 575 945 praesente
595 870 947 944 personaliter
971 878 1019 927 et
1049 872 1361 926 assentiente
1383 870 1553 943 Papa,
1574 866 1866 943 infallibilis
1889 877 1984 938 est,

109 977 158 1025 et
187 970 378 1041 obliqat
409 970 477 1025 ad
507 970 814 1025 credendam
834 972 869 1024 ¹.
910 1002 985 1010 --
1014 970 1273 1026 Probatm·
1318 969 1368 1023 1⁰
1417 967 1686 1043 Scriptura
1722 987 1893 1026 sacra.
1919 1002 1990 1010 -

107 1063 378 1138 Apostolis
407 1066 575 1122 simul
601 1085 727 1122 cum
753 1066 911 1123 Petro
937 1065 1190 1122 adunatis
1223 1065 1359 1121 dixit
1383 1065 1635 1122 Christus
1657 1086 1668 1118 ε
1689 1066 1854 1122 Amen
1883 1066 1995 1122 dico

109 1163 267 1232 vobis,
315 1182 644 1236 qaaecumque
684 1164 1086 1234 alliqaveritis...
1119 1180 1450 1234 qaaecumque
1481 1163 1812 1220 solveritis...
1854 1164 1996 1220 Data

110 1269 185 1316 est
214 1262 338 1316 mihi
364 1264 525 1317 omnis
552 1266 786 1334 potestas
818 1261 872 1315 in
908 1259 1029 1315 coelo
1062 1267 1109 1314 et
1144 1261 1198 1314 in
1230 1267 1390 1323 terra;
1428 1266 1607 1315 euntes
1641 1278 1759 1332 erqo
1793 1262 1986 1317 docete.

111 1358 206 1424 Qut
230 1377 333 1413 non
357 1360 629 1414 crediderit
660 1358 1149 1412 condemnabitur...
1179 1356 1451 1429 Apostolis
1475 1374 1603 1429 ergo
1639 1357 1717 1413 sic
1745 1376 1872 1413 cum
1899 1358 1994 1414 Pe-

112 1460 195 1511 tro
225 1454 474 1510 adunatis
499 1454 687 1509 collata
720 1459 800 1509 est
826 1470 854 1508 a
881 1453 1088 1508 Christo
1110 1452 1266 1525 plena
1295 1453 1519 1509 docendi
1534 1454 1610 1510 ”ac
1646 1454 1991 1527 gubernandi

113 1559 371 1625 potestas;
413 1570 516 1625 qua
554 1551 762 1608 scilicet
791 1556 1111 1607 tenerentur
1141 1569 1335 1607 omnes
1372 1551 1573 1607 Christi
1618 1552 1804 1609 fideles
1839 1571 1994 1610 veras

109 1647 340 1704 firmiter
361 1648 584 1704 credere
625 1648 692 1703 ab
723 1646 982 1721 apostolis
1012 1648 1184 1703 editas
1214 1647 1279 1702 de
1307 1646 1414 1703 tide
1445 1654 1539 1704 aut
1574 1649 1824 1705 moribus
1862 1650 1991 1705 defi-

107 1744 362 1801 nitiones,
392 1746 445 1800 ld
475 1746 671 1801 evincit
702 1744 895 1800 obvius
924 1744 1221 1817 verborum
1241 1745 1439 1800 Christi
1466 1763 1678 1802 sensus.
1704 1747 1990 1803 Potestatis

106 1842 504 1916 plenitudinem
523 1849 761 1916 arguunt
786 1842 947 1899 verba
975 1861 1295 1915 quaecumque
1322 1843 1682 1914 alliyaveritis,
1703 1852 1832 1916 etc.,
1856 1864 1992 1918 quax-

106 1958 318 2012 cumque
341 1941 616 2009 solveritis,
647 1947 776 2009 etc.;
807 1940 1212 1998 restrictionem
1242 1941 1454 1997 scilicet
1474 1941 1709 1998 excludit
1734 1961 1835 1999 vox
1853 1963 1991 2016 (μιξε-

105 2054 332 2109 cumque.
374 2037 528 2101 Quod
573 2038 755 2094 autem
805 2055 1063 2112 expresse
1107 2038 1303 2094 collata
1344 2038 1514 2094 fuerit
1557 2039 1718 2111 plena
1761 2041 1989 2098 docendi

104 2140 359 2208 potestaS‚
407 2136 682 2207 colligitur
715 2153 780 2191 ex
823 2153 885 2191 eo
920 2136 1068 2208 quod
1107 2136 1411 2208 jubeantur
1455 2136 1671 2203 docere,
1723 2137 1773 2192 vi
1814 2139 1990 2213 plenae

102 2231 253 2288 illius
294 2233 576 2306 potestatis
621 2251 784 2305 quam
823 2234 939 2306 ipse
968 2234 1217 2290 Christus
1255 2234 1539 2290 obtinebat
1576 2235 1631 2289 in
1673 2238 1810 2292 coelo
1843 2243 1895 2293 et
1934 2237 1988 2293 in

102 2334 278 2385 terra:
319 2330 457 2385 Data
486 2338 563 2386 est
607 2333 729 2386 inihi
768 2333 1004 2386 omnia...
1052 2339 1229 2387 euntes
1275 2351 1394 2404 erqo
1435 2334 1632 2390 docete.
1669 2336 1730 2391 Et
1769 2337 1986 2392 tandem

101 2427 471 2500 apostolorum
504 2429 731 2501 collegio
751 2447 877 2483 cum
906 2430 1008 2484 hac
1034 2429 1192 2502 plena
1222 2430 1451 2486 docendi
1479 2437 1766 2505 potestate,
1789 2434 1985 2490 collata

101 2511 182 2581 cst
215 2526 624 2582 infallibilitatis
658 2529 1037 2601 praerogativa,
1074 2529 1347 2601 siquidem
1380 2511 1815 2588 addit-Christus
1847 2553 1857 2585 :
1890 2532 1987 2599 Qut

99 2640 198 2678 non
230 2626 502 2680 crediderit
524 2627 962 2681 condemnabitiw.
1002 2626 1055 2680 Id
1087 2633 1188 2692 est,
1220 2645 1409 2683 omnes
1438 2628 1541 2684 sub
1570 2648 1726 2702 poena
1761 2631 1985 2687 damna-

0 2796 1 2809 *
99 2719 262 2774 tionis
289 2727 501 2778 aeternae
530 2723 734 2796 obligat
759 2724 821 2779 ad
852 2723 1187 2779 eredendum
1214 2724 1280 2780 iis
1311 2744 1431 2798 quae
1456 2728 1832 2799 apostolorum
1871 2729 1982 2784 col-

43 2843 46 2845 ·
98 2817 304 2890 legium
331 2820 601 2876 credenda
623 2822 865 2877 docuerit
899 2839 997 2877 seu
1028 2823 1353 2878 definiverit.
1383 2825 1552 2887 Quam
1589 2825 1981 2899 obligationem

0 2906 2 2917 ’
75 2914 346 2972 'Christus
373 2917 657 2991 imponere
688 2937 797 2974 non
835 2918 1125 2992 potuisset,
1168 2919 1213 2974 si
1253 2921 1428 2975 errori
1466 2923 1763 2979 obnoxium
1801 2924 1858 2979 in
1886 2924 2007 2980 do-·

99 3015 268 3071 cendo
299 3017 670 3090 apostolorum
699 3017 990 3090 collegium
1012 3017 1348 3091 reliquisset.
1371 3021 1515 3077 Alias
1539 3022 1685 3078 enim
1713 3024 1980 3097 obligatos

99 3111 281 3169 fideles
312 3114 374 3169 ad
394 3115 732 3170 credendum
768 3114 941 3170 errori
970 3115 1219 3170 Christus
1258 3117 1541 3183 voluissem
1573 3120 1721 3192 quod
1753 3139 1862 3177 non
1889 3122 1982 3177 ab·

101 3222 296 3263 sonum
328 3210 632 3279 dumtaxat,
662 3211 754 3267 sed
783 3216 835 3267 et
857 3211 1090 3285 impium
1119 3219 1221 3267 est.
1248 3212 1483 3271 Aliunde
1501 3222 1684 3273 autem
1718 3236 1777 3273 ex
1801 3218 1981 3290 Scrip-

150 3393 164 3419 ¹
187 3396 333 3437 Confer
351 3397 659 3447 Bellarminum,
677 3401 750 3451 qui
770 3402 831 3442 sic
848 3402 999 3443 thesim
1022 3404 1140 3455 ponit
1164 3418 1170 3443 z
1198 3406 1300 3446 Fide
1326 3406 1539 3446 catholica
1563 3406 1787 3446 tenendum
1807 3411 1868 3447 est
1884 3422 1980 3448 con-

99 3462 198 3506 cilia
213 3465 446 3518 qeneralia,
462 3480 488 3507 α
510 3467 676 3508 Summo
699 3469 903 3523 Pontifice
919 3472 1185 3525 confirmata,
1207 3487 1356 3515 errare
1373 3489 1452 3516 non
1478 3489 1616 3528 posse,
1638 3489 1713 3516 nec
1739 3490 1778 3515 m
1801 3477 1885 3530 fide
1904 3490 1979 3517 nec

100 3530 143 3573 in
165 3534 345 3576 moribus
366 3536 438 3588 (De
456 3536 656 3585 conciliis,
675 3537 748 3579 lib.
773 3538 824 3586 11,
844 3550 935 3590 cap.
962 3539 1019 3590 ιι).
1040 3540 1170 3594 Atque
1199 3543 1256 3585 ibi
1275 3545 1410 3585 fusius
1434 3545 1659 3596 expositam
1678 3545 1860 3597 reperies
1885 3550 1976 3586 tum

99 3608 124 3640 e
145 3599 356 3653 Scriptura
377 3614 508 3653 sacra,
536 3608 625 3644 tum
641 3615 686 3644 ex
707 3604 897 3645 Patribus
919 3605 1224 3657 probationem.
