2352 4126
935 397 1067 445 PARS
1101 396 1299 450 QUARTA
1311 430 1321 440 .
2011 393 2069 440 ⁴3

190 511 272 568 Ad
306 510 636 567 Sacerdotem
666 524 784 564 vero
807 504 1065 561 Ecclesiae.
1094 504 1152 558 In
1186 499 1584 576 temporalibus
1613 514 1744 570 ergo
1778 497 2074 572 imperator

192 613 271 663 est
301 606 478 678 major
518 604 675 677 Papa.
696 633 760 643 -
785 599 845 654 In
871 597 1218 654 contrarium
1253 601 1404 653 est...
1437 627 1504 636 —
1528 579 1850 667 Respondeo
1891 591 2076 650 dicen-

193 706 325 760 dum
360 703 506 778 quod
532 702 704 773 Hug0,
726 699 784 753 in
809 697 1025 752 decreto
1045 713 1210 769 supra
1236 695 1466 768 allegato
1494 693 1622 751 Cum
1650 692 1718 747 ad
1745 709 1944 760 verum,
1971 691 2070 746 tria

191 804 407 862 videtur
430 800 610 857 dicere
634 797 699 853 de
718 794 963 851 dominio
989 793 1261 867 imperiali
1288 799 1341 848 et
1365 792 1547 867 papali
1579 790 1852 847 contraria
1880 808 2075 866 supra·

193 900 370 956 dictis.
403 899 576 955 Primo
600 911 840 967 namque
872 891 1004 948 dicit
1041 890 1188 964 quod
1215 890 1512 964 imperator
1553 895 1877 965 potestatem
1904 889 2072 964 gladii

193 1006 242 1052 et
286 996 603 1069 dignitatem
648 991 993 1066 imperialem
1036 1006 1144 1045 non
1198 989 1403 1062 recepit
1443 989 1511 1043 ab
1539 989 1876 1062 Apostolico,
1921 988 2071 1045 seda

194 1092 536 1167 principibus
560 1097 613 1146 et
631 1088 832 1164 populo
848 1105 947 1162 per
970 1085 1313 1142 electionem.
1347 1084 1514 1157 Cujus
1540 1085 1878 1140 contrarium
1906 1103 2071 1159 supra

194 1186 618 1243 determinatum
660 1190 760 1240 est.
808 1181 1083 1254 Quidquid
1123 1179 1273 1236 enim
1315 1178 1485 1235 suerit
1531 1177 1596 1234 de
1642 1178 2073 1252 imperatoribus

191 1283 499 1358 praeteritis,
532 1283 927 1338 modernorum
952 1285 1160 1335 tamem
1197 1278 1598 1352 imperatorum
1625 1277 1818 1333 electio
1844 1277 2071 1351 planum

191 1387 267 1438 est
294 1382 438 1454 quod
464 1381 701 1455 pertinet
730 1380 797 1435 ad
826 1396 1113 1434 summum
1144 1376 1484 1442 Pontificem,
1519 1375 1604 1431 vel
1631 1375 1953 1431 immediate
1978 1394 2075 1448 per

193 1480 458 1552 seipsum,
492 1479 576 1533 vel
614 1495 711 1551 per
753 1476 1016 1532 electores
1046 1493 1187 1548 quos
1218 1475 1338 1548 ipse
1370 1490 1622 1528 summus
1650 1472 1894 1528 Pontifex
1930 1472 2076 1528 ordi-

193 1575 359 1629 navit.
401 1575 636 1631 Secundo
672 1574 807 1630 dicit
835 1573 976 1646 quod
1004 1577 1130 1627 ante
1161 1572 1268 1627 fuit
1295 1571 1597 1646 imperator
1630 1588 1795 1644 quam
1822 1570 1983 1645 Papa,
2023 1578 2075 1626 et

193 1671 347 1726 dictae
393 1675 706 1744 potestateS‚
750 1669 1052 1743 imperialis
1092 1674 1146 1724 et
1184 1667 1513 1741 Apostolica,
1563 1672 1692 1722 sunt
1731 1666 1983 1724 discretae
2024 1673 2077 1722 et

153 1829 158 1835 ¹
194 1766 437 1821 diversa).
468 1768 712 1830 Quorum
757 1772 1057 1838 utrumque
1093 1765 1299 1837 indiget
1341 1765 1716 1820 distinctione.
1758 1764 1957 1819 Verum
1997 1771 2075 1819 est

196 1881 431 1935 namque
461 1865 850 1936 imperatorem
877 1864 1048 1918 l'uisse
1072 1869 1196 1917 ante
1218 1864 1440 1936 Papam,
1484 1868 1754 1936 quantum
1783 1864 1850 1917 ad
1885 1880 2074 1937 perso-

195 1978 346 2025 nam3
371 1959 463 2014 sed
495 1978 604 2014 non
632 1965 899 2031 quantum
920 1960 987 2014 ad
1010 1960 1251 2014 officium
1274 1966 1327 2015 et
1352 1962 1605 2032 figuram.
1629 1961 1906 2017 Successit
1925 1962 2073 2016 enim

190 2057 423 2129 Papatus
450 2062 502 2111 et
528 2057 893 2112 sacerdotium
922 2057 1122 2112 Christi
1151 2059 1451 2113 sacerdotio
1483 2059 1766 2114 levitico...
1796 2059 1901 2114 Nec
1919 2059 2075 2114 dictae

192 2163 479 2229 potestates
518 2164 646 2212 sunt
693 2157 766 2211 ita
817 2156 1068 2211 discretae
1103 2162 1157 2210 et
1196 2156 1458 2223 diversae‚
1505 2156 1649 2228 quod
1696 2174 1806 2211 una
1840 2174 1950 2212 non
1987 2175 2070 2213 re-

191 2249 421 2304 ducatur
447 2251 511 2305 ad
535 2250 724 2304 aliam.
753 2249 989 2321 Utraque
1007 2250 1156 2305 enim
1185 2255 1266 2304 est
1291 2268 1319 2303 a
1344 2251 1467 2314 Dee,
1500 2251 1804 2323 imperialis
1831 2257 1883 2307 et
1900 2253 2069 2326 Apos-

190 2346 367 2402 tolica.
405 2347 505 2402 Sed
539 2346 845 2419 Apostolica
883 2351 937 2401 et
980 2346 1332 2401 sacerdotalis
1370 2346 1688 2402 immediate
1723 2348 2069 2422 :imperialis

189 2461 314 2499 vero
341 2445 613 2500 mediante
637 2445 942 2518 Apostolica
966 2451 1018 2500 et
1041 2444 1386 2500 sacerdotali.
1410 2445 1579 2500 Tertio
1608 2445 1740 2500 dicit
1765 2448 1909 2520 quod
1935 2449 2074 2522 Papa

189 2547 269 2595 est
297 2542 471 2614 major
495 2543 825 2616 imperatore
851 2543 906 2597 in
941 2543 1341 2616 spiritualibus3
1381 2543 1474 2598 sed
1513 2543 1815 2617 imperator
1841 2550 1922 2600 est
1960 2563 2074 2601 ma—

185 2639 273 2710 jor
295 2640 431 2713 Papa
460 2641 513 2695 in
548 2642 965 2715 temporalibus.
993 2641 1094 2696 Sed
1123 2642 1166 2696 si
1205 2642 1282 2696 sic
1317 2647 1477 2709 esset,
1510 2642 1630 2715 pari
1664 2644 1873 2699 ratione
1903 2644 2074 2718 impe-

190 2743 337 2792 rator
363 2746 544 2811 posset
570 2741 674 2795 dici
699 2741 871 2813 major
898 2741 1111 2796 Christo
1139 2741 1197 2794 in
1220 2742 1643 2814 temporalibus,
1668 2743 1784 2798 Non
1813 2742 1962 2799 enim
1992 2750 2072 2799 est

189 2833 486 2907 imperator
531 2838 703 2908 major
743 2839 883 2911 Papa
920 2838 976 2892 in
1020 2839 1421 2910 temporalibus
1461 2840 1568 2895 nisi
1614 2846 1839 2914 propter
1873 2842 2074 2898 imme-

189 2930 398 2987 diatum
430 2951 594 2987 usum
634 2938 686 2988 et
719 2934 1097 2990 immediatam
1139 2935 1516 2992 executionem
1544 2938 1958 3011 temporalium,
1989 2957 2074 2994 se-

187 3027 430 3081 cundum
475 3045 640 3099 quem
683 3029 909 3083 modum
948 3029 1249 3102 imperator
1292 3031 1470 3103 major
1510 3032 1615 3087 Deo
1661 3032 1887 3087 dicitur.
1937 3032 2071 3095 Quia

187 3124 326 3180 Deus
376 3143 484 3180 non
531 3126 693 3180 habet
730 3126 1114 3182 immediatum
1156 3147 1318 3184 usum
1364 3135 1417 3184 et
1460 3130 1838 3186 immediatam
1876 3149 2071 3186 execu-

189 3221 390 3277 tionem
426 3224 835 3296 temporalium.
867 3225 985 3280 Non
1012 3225 1160 3280 enim
1190 3227 1307 3300 ipse
1337 3227 1630 3282 manducat
1656 3246 1849 3284 carnes
1888 3234 2068 3282 tauro-

191 3332 314 3372 rum
350 3326 442 3374 aut
469 3323 791 3394 sanguinem
826 3323 1113 3378 hircorum
1150 3330 1318 3398 potat,
1359 3343 1459 3381 nec
1490 3325 1697 3398 equitat
1729 3344 1899 3399 equos
1933 3342 2067 3398 pra*-

192 3414 410 3471 cedente
435 3420 595 3474 turha
626 3420 955 3476 famulorum
986 3427 1039 3476 et
1069 3428 1434 3494 armatorum,
1467 3429 1520 3479 et
1554 3430 1740 3480 tamen
1780 3423 1897 3496 ipse
1932 3419 2062 3474 dicit

194 3507 249 3561 in
285 3513 515 3581 psalmo,
542 3517 638 3572 ubi
672 3518 776 3573 ista
815 3519 1114 3592 leguntur:
1151 3520 1299 3576 Meus
1321 3527 1405 3576 est
1444 3522 1592 3576 orbis
1617 3527 1776 3577 terrae
1803 3525 1854 3573 et
1890 3514 2062 3588 pleni-

192 3605 323 3659 tudo
359 3607 497 3679 ejuS.
528 3612 592 3665 Et
626 3613 914 3671 dominum
958 3617 1341 3673 universorum
1383 3637 1440 3674 se
1476 3618 1742 3673 nominat.
1795 3614 1901 3667 Nec
1932 3611 2059 3683 quia

193 3703 356 3758 coelos
384 3705 486 3759 sibi
531 3711 844 3780 reservavit,
872 3718 1075 3770 terram
1110 3719 1293 3770 autem
1338 3716 1601 3771 concessit
1641 3714 1708 3767 ad
1743 3727 1903 3766 usum
1929 3708 2059 3764 filiis
