2340 4062
316 279 374 326 9ο
988 273 1288 322 TRAGTATUS
1319 272 1386 320 nn
1414 273 1562 322 PAPA.
1610 239 1611 242 ¹

391 389 513 445 Jam
534 388 803 465 perspicit
829 387 1004 442 lector
1026 380 1162 456 quid
1189 381 1258 439 de
1275 381 1463 458 priore
1478 383 1748 442 Bossuetii
1773 395 1984 445 asserto
2001 388 2230 445 conclu-

316 487 566 545 dendum
603 488 695 546 sit.
722 482 1015 543 Bossuetio
1052 482 1100 538 si
1132 481 1347 550 credas,
1386 483 1576 542 docuit
1611 485 1880 542 Melchior
1903 486 2083 545 Canus
2121 507 2236 545 non
2316 496 2317 500 ’

314 586 515 644 adesse
565 593 763 642 certam
803 588 1152 654 constansque
1187 583 1443 655 judicium
1490 584 1782 641 doctorum
1837 585 2078 654 scholae,
2124 588 2235 645 nisi
2314 636 2317 642 ,

314 683 540 758 quando
579 679 926 738 contrariam
968 678 1288 754 opinionem
1334 699 1573 738 censura
1612 682 1926 758 theologica
1960 684 2235 759 perstrin-
2325 674 2336 707 ²

314 790 474 858 gunt.
509 783 677 838 Porro
718 781 776 837 id
819 781 1074 838 docuisse
1109 780 1321 838 Canum
1349 801 1584 857 prorsus
1620 783 1828 840 falsum
1867 791 1970 852 est,
2000 791 2066 841 ut
2088 791 2240 859 patet

312 901 379 939 ex
425 879 760 955 praemissis,
808 880 1004 937 Docuit
1045 881 1275 954 quidem
1309 882 1563 939 denotari
1594 892 1840 940 constans
1878 885 2070 940 scholae
2094 885 2238 958 judi-

325 984 461 1037 cium
487 998 587 1055 per
617 980 867 1037 inustam
907 979 1160 1054 opinioni
1188 981 1485 1037 contrariae
1518 999 1836 1050 censuram,
1876 983 1974 1040 sed
2000 1001 2114 1039 non
2143 983 2239 1039 do-

313 1079 433 1136 cuit
469 1097 586 1136 non
630 1078 883 1136 denotari
924 1082 1028 1135 nisi
1064 1081 1170 1151 ¹hoc
1216 1080 1393 1135 modo.
1439 1079 1632 1136 Docuit
1681 1099 1711 1137 e
1751 1087 1943 1139 contra
1986 1081 2240 1138 denotari

325 1177 668 1252 generaliter
696 1195 796 1251 per
825 1176 1135 1250 quamlibet
1159 1176 1328 1231 aliam
1352 1176 1619 1248 loquendi
1653 1177 1890 1234 formam
1923 1196 2046 1251 quae
2084 1176 2240 1234 suffi-

312 1279 535 1336 cienter
560 1278 819 1335 excludat
837 1279 1153 1352 pendentem
1177 1285 1227 1332 et
1246 1277 1575 1333 vacillantem
1596 1278 1875 1334 animum.

391 1377 448 1433 2⁰
488 1376 710 1432 Falsum
741 1376 876 1432 item
907 1375 1190 1451 posterius
1237 1375 1517 1431 Bossuetii
1558 1383 1839 1432 assertum
1864 1421 1877 1443 ,
1917 1377 1972 1432 id
2008 1382 2121 1446 est,
2163 1395 2236 1432 ne

315 1495 500 1534 unum
534 1475 763 1550 quidem
793 1473 1033 1549 reperiri
1061 1474 1281 1546 alicujus
1317 1476 1542 1530 nominis
1570 1474 1770 1531 scholae
1799 1475 2107 1544 doctorem,
2142 1475 2241 1547 qui

324 1579 580 1654 papalem
617 1595 773 1651 reges
802 1574 1090 1632 haereticos
1131 1574 1444 1648 deponendi
1483 1580 1814 1648 potestatem
1857 1577 1925 1630 acl
1961 1577 2084 1648 fidei
2120 1576 2242 1648 cloq-

333 1658 480 1735 mata
516 1680 715 1751 referat
762 1677 1050 1750 (Defei‘isiO,
1080 1676 1306 1730 OEuvres
1341 1674 1409 1730 de
1447 1674 1706 1746 Bossuet,
1739 1679 1780 1729 t.
1825 1675 2018 1740 XXXII,
2048 1693 2103 1748 p.
2144 1674 2237 1744 74,

314 1776 455 1833 edit.
509 1775 671 1830 Lehel
710 1774 902 1846 1815).
953 1772 1109 1836 Quod
1143 1772 1349 1828 iterum
1390 1771 1524 1827 alibi
1571 1771 1813 1828 asseruit
1843 1772 2107 1842 Bossuet‚
2151 1770 2238 1826 his

314 1873 508 1930 verbis
534 1896 544 1927 :
567 1872 747 1945 Neque
766 1873 830 1926 ab
857 1871 964 1925 ullo
985 1871 1217 1935 doctore,
1254 1870 1317 1924 ab
1334 1868 1441 1923 ullo
1469 1871 1737 1935 historice,
1769 1870 1831 1924 ab
1851 1870 1956 1924 ullo
1975 1872 2085 1925 viro
2105 1871 2237 1928 bono

325 1990 442 2026 esse
475 1974 748 2045 scriptum,
779 1972 1074 2026 haereticum
1109 1977 1200 2024 ant
1226 1970 1611 2024 schismaticam
1634 1970 1797 2042 sitisse
1822 1987 2150 2041 quemquam,
2179 1989 2238 2026 eo

320 2073 529 2143 precise
556 2072 766 2126 nomine
800 2070 940 2142 quod
979 2077 1220 2142 neqasset
1255 2087 1401 2141 reyes
1436 2087 1468 2123 a
1498 2068 1840 2139 Pontificibus
1859 2086 2017 2140 posse
2049 2069 2239 2141 deponi

319 2170 492 2239 (tomo
516 2167 691 2233 XXXI,
723 2185 777 2241 p.
812 2164 946 2235 590,
976 2165 1110 2222 edit.
1139 2164 1300 2221 Lebel
1331 2163 1524 2236 1817).
1550 2165 1632 2219 En
1658 2165 1992 2222 documenta
2023 2166 2082 2221 in
2110 2185 2239 2222 con-

312 2266 551 2321 trarium
577 2289 587 2319 :

394 2365 653 2439 Alicujus
689 2368 839 2420 certe
882 2362 1128 2418 nominis
1165 2362 1271 2418 fuit
1310 2362 1632 2435 Durandus,
1669 2362 2052 2420 universitatis
2093 2363 2240 2418 Pari-

312 2464 522 2522 siensis
547 2464 761 2535 doctor,
789 2464 967 2519 factus
986 2462 1282 2518 Meldensis
1309 2461 1610 2538 Episcopus
1638 2480 1789 2518 anno
1820 2462 2044 2519 circiter
2065 2463 2232 2531 1526,

312 2563 523 2636 cuique
558 2563 628 2619 oh
672 2562 940 2620 doctrinae
970 2563 1179 2618 famam
1210 2563 1437 2619 doctoris
1460 2563 1823 2618 resolutissimi
1851 2581 2058 2619 nomen
2094 2563 2238 2618 indi-

309 2669 457 2718 tum.
503 2662 549 2717 Is
574 2680 764 2736 porro,
794 2661 862 2718 ad
899 2662 1108 2718 calcem
1151 2662 1408 2737 opusculi
1455 2664 1517 2717 de
1552 2662 1760 2736 Oriyine
1785 2663 2231 2736 jurisdictionum,

313 2761 398 2818 sic
436 2761 601 2818 habet
625 2784 635 2815 :
671 2783 698 2814 «
734 2761 865 2818 Inde
890 2767 972 2818 est
997 2762 1144 2835 quod
1170 2780 1406 2835 regnum
1432 2761 1630 2819 Christi
1665 2762 2029 2818 commissum
2054 2762 2238 2818 Eccle-

311 2859 407 2916 siae
441 2878 499 2916 se
533 2860 781 2917 extendit
817 2878 931 2916 non
959 2860 1143 2917 solum
1170 2861 1230 2917 in
1252 2861 1665 2936 spiritualibuS,
1697 2861 1794 2917 sed
1814 2861 1983 2918 etiam
2009 2861 2068 2915 in
2099 2867 2236 2916 tem-

312 2957 682 3032 poralibuS...
713 2959 859 3016 sicut
884 2959 942 3014 in
970 2978 1201 3034 corpore
1228 2959 1555 3032 quaestionis
1583 2959 1795 3016 dictum
1815 2966 1919 3026 est,
1953 2957 2233 3028 videlicet,

327 3057 466 3128 quod
492 3056 728 3114 Christus
762 3050 1077 3115 commiserit
1101 3059 1258 3116 Petro
1285 3060 1412 3131 jura
1454 3059 1673 3114 coelestis
1697 3060 1903 3130 imperii
1931 3065 1982 3113 et
2016 3059 2228 3112 terreni.

322 3155 421 3223 Qui
453 3158 547 3213 hoc
566 3158 899 3230 privileyium
915 3161 1090 3215 irritat
1115 3167 1207 3214 aut
1226 3160 1473 3224 detrahit,
1504 3161 1559 3214 in
1577 3159 1815 3213 haeresim
1842 3157 2033 3211 labitur
2058 3164 2108 3211 et
2126 3158 2232 3212 hae-

321 3256 512 3311 reticus
542 3264 619 3311 est
642 3257 912 3312 dicendus,
935 3278 962 3310 »
990 3257 1171 3332 (Apud
1194 3255 1445 3327 Bianchi‚
1473 3255 1613 3310 della
1636 3253 1855 3310 Potest&
1875 3251 2012 3307 della
2023 3250 2230 3320 Chiesa,

316 3359 357 3410 t.
385 3355 427 3427 Ι,
462 3373 518 3430 p.
547 3354 680 3411 125.
706 3355 892 3412 Rornae
915 3355 1108 3430 1745.)

399 3453 535 3512 Item
564 3454 807 3530 alicujus
833 3454 1078 3514 nominis
1104 3454 1212 3511 fuit
1238 3455 1432 3511 Petrus
1452 3451 1816 3521 BertrandUS,
1850 3447 2232 3505 universitatis

317 3553 651 3611 Parisiensis
686 3552 988 3629 professor,
1032 3553 1391 3628 postmodum
1436 3549 1786 3608 Nivernensis
1816 3547 2143 3622 EpiscopUS,
2179 3551 2233 3603 et

321 3653 673 3715 cardinalitia
707 3653 977 3730 dignitate
1002 3672 1145 3712 anno
1180 3655 1326 3712 1549
1353 3651 1681 3727 insignituS,
1711 3649 1807 3726 qui
1830 3667 1860 3705 a
1891 3647 2229 3706 Gallicorum
