2340 4062
854 349 984 399 PARS
1011 345 1234 402 QUAR‘ra.
1921 336 1979 384 85
2057 411 2059 413 ι

107 472 215 527 Rex
243 468 438 542 deponi
468 467 643 523 valeat
667 445 842 537 (verbi
866 455 1058 531 gratia,
1089 472 1159 510 an
1183 450 1417 509 sufficiat
1441 465 1568 505 eum
1601 461 1724 503 esse
1762 441 1978 499 haereti-

110 583 236 622 cum
267 570 360 620 aut
398 565 719 636 apostatam,
751 571 822 609 an
844 569 970 608 vero
1010 551 1236 624 insuper
1267 546 1578 621 requiratur
1604 546 1668 598 ut
1707 537 1973 615 populum

109 679 272 717 suum
310 663 511 715 avertat
538 673 564 711 a
591 669 715 710 vera
754 649 880 719 fide,
912 645 1388 721 persecutionibus
1424 640 1700 708 desaeviat,
1736 643 1788 694 et
1826 637 1975 708 jura-

111 763 356 812 mentum
380 768 540 810 suum
563 744 887 816 violaverit),
913 743 1026 816 jam
1057 759 1166 797 non
1196 739 1436 796 occurrit
1461 738 1744 794 doctorum
1778 732 1976 791 scholae

107 850 416 918 eonsensi0,
440 846 534 903 sed
554 841 874 917 opinionum
898 837 1148 894 varietaS.
1176 837 1230 891 2⁰
1247 835 1459 891 Falsum
1485 831 1973 892 estBellarminum

111 950 162 998 et
201 939 515 998 Perronium
552 935 843 997 recessisse
887 934 952 989 ab
987 932 1241 988 unanimi
1289 931 1572 987 doctorum
1617 928 1813 986 seholae
1853 943 1975 983 sen-

109 1038 296 1095 tentia.
322 1037 449 1091 Nam
470 1053 499 1090 a
527 1032 854 1090 Bellarmino
880 1035 1256 1105 propugnatur
1275 1029 1449 1100 aliqua
1474 1028 1718 1082 Ecclesiae
1739 1033 1973 1098 potestas

109 1138 162 1190 in
201 1153 304 1189 rem
331 1132 657 1204 temporalem
691 1148 884 1201 repam,
919 1134 971 1184 et
1015 1127 1180 1183 etiam
1220 1131 1458 1200 potestas
1498 1142 1639 1195 reyes
1682 1123 1972 1195 deponendi

107 1232 330 1285 incertis
363 1229 578 1283 casibus.
610 1227 672 1282 Et
707 1227 808 1282 hoc
843 1225 1029 1299 ipsum
1055 1228 1138 1278 est
1171 1222 1227 1276 in
1254 1239 1360 1293 quo
1397 1218 1646 1275 consistit
1682 1218 1972 1272 doctorum

104 1326 302 1385 scholae
325 1325 631 1381 consensio.
663 1324 798 1396 Ergo
824 1340 930 1377 non
958 1318 1283 1376 contradixit
1320 1318 1447 1371 huic
1472 1312 1845 1381 consensioni,
1873 1311 1969 1367 sed

102 1423 260 1496 plane
299 1422 541 1478 adhaesit.
587 1420 847 1494 Equidem
890 1417 1160 1474 existimat
1199 1414 1567 1470 Bellarminus
1612 1429 1725 1467 non
1772 1408 1972 1483 deponi

102 1538 258 1593 posse
288 1538 467 1592 regem
502 1537 561 1574 ex
595 1518 710 1574 solo
738 1517 877 1571 sacto
903 1514 1047 1588 quod
1083 1513 1371 1570 haereticus
1397 1512 1480 1566 vel
1517 1515 1761 1584 apostata
1787 1524 1974 1562 evase·

102 1617 190 1672 rit.
223 1616 322 1672 Sed
350 1620 405 1671 in
439 1618 542 1672 hoe
566 1634 676 1671 non
699 1614 1021 1671 contradicit
1049 1614 1330 1669 doctorum
1370 1610 1571 1666 scholae
1595 1605 1964 1673 consensioni;

102 1713 147 1768 si
163 1714 379 1784 quidem
404 1715 580 1785 quoad
605 1713 898 1785 requisitas
929 1712 996 1766 ad
1023 1710 1324 1783 legitimam
1353 1707 1753 1782 depositionem
1780 1703 1966 1759 condi-

104 1808 299 1875 tioneS,
343 1828 447 1863 non
489 1810 674 1865 existit
709 1810 1016 1878 consensi0,
1062 1809 1156 1863 sed
1195 1807 1458 1881 opinandi
1498 1806 1749 1861 varietas.
1792 1805 1965 1858 Immo

103 1905 216 1977 ipse
248 1904 606 1959 Bellarminus
639 1905 926 1977 diligenter
965 1911 1285 1978 praemonet,
1317 1921 1347 1958 a
1375 1921 1432 1958 se
1458 1910 1720 1976 tanquam
1757 1908 1968 1957 certum

100 2007 152 2055 et
173 2002 466 2055 tenendum
496 2001 545 2055 id
572 2002 916 2057 solummodo
938 2001 1267 2074 propugnari
1292 2001 1347 2054 in
1372 2018 1479 2072 quo
1497 2000 1742 2054 doctores
1767 1999 1967 2053 scholae

95 2097 465 2162 consentiunt3
499 2116 618 2169 quae
651 2107 835 2154 autem
870 2103 1018 2154 extra
1065 2099 1215 2153 illam
1251 2097 1669 2153 consensionem
1703 2096 1819 2169 ipse
1851 2095 1966 2168 opi-

94 2197 254 2245 natus
280 2199 382 2259 est,
412 2193 647 2247 liberum
681 2194 881 2265 cuique
907 2194 1174 2266 relinquit
1195 2194 1485 2248 admittere
1507 2194 1590 2248 vel
1614 2193 1961 2266 impugnare.

98 2309 122 2339 «
143 2289 207 2343 At
227 2307 348 2360 eg0,
379 2290 577 2362 inquit,
615 2307 728 2345 non
763 2290 1018 2363 indignor
1053 2309 1230 2363 neque
1261 2308 1576 2355 succenseO,
1610 2290 1754 2362 quod
1785 2308 1812 2343 a
1841 2307 1961 2346 mea

93 2386 346 2458 opinione
379 2387 463 2442 vel
500 2388 780 2443 Barclaius
819 2389 903 2444 vel
950 2389 1092 2443 alius
1132 2388 1466 2461 quicumque
1509 2387 1814 2442 recesserit.
1858 2387 1961 2442 Sed

94 2481 226 2536 illud
257 2501 409 2554 aequo
438 2483 618 2539 animo
644 2487 788 2540 ferre
813 2503 920 2540 non
946 2504 1190 2560 possum,
1216 2485 1360 2557 quod
1379 2503 1408 2539 a
1433 2487 1686 2539 communi
1717 2484 1949 2556 scripto-

93 2595 216 2632 rum
259 2581 519 2636 sententia
549 2582 603 2636 in
640 2601 697 2638 re
723 2590 831 2638 tam
870 2584 1089 2656 gravi...
1126 2583 1364 2638 recedat.
1396 2603 1421 2633 »
1450 2582 1636 2637 Postea
1675 2581 1962 2654 subjungit

91 2676 420 2746 propugnari
459 2695 487 2731 a
529 2696 585 2733 se
610 2684 801 2734 contra
826 2679 1149 2750 Barclaium,
1179 2681 1232 2734 id
1270 2687 1469 2734 tantum
1495 2682 1547 2734 in
1586 2697 1682 2751 qno
1724 2679 1959 2733 catholici

91 2787 263 2824 omnes
291 2775 612 2847 conveniunt.
653 2775 713 2830 Et
742 2776 963 2831 tandem
998 2793 1253 2851 expresse
1292 2776 1558 2831 discernit
1597 2775 1954 2848 quaestionem

85 2865 464 2938 principalem,
495 2869 551 2923 in
588 2889 694 2943 qua
721 2873 1068 2929 consentiunt
1098 2874 1348 2928 doctores
1374 2872 1626 2928 catholici
1660 2872 1955 2945 (videlicet,

80 2957 332 3017 Ecclesiae
368 2970 674 3038 competere
709 2967 947 3043 aliquam
976 2974 1300 3043 potestatem
1340 2970 1407 3025 de
1439 2969 1837 3043 temporalibus
1866 2968 1955 3041 ju-

79 3055 316 3130 dicandi,
357 3067 409 3118 et
444 3062 589 3136 ipsos
615 3066 781 3120 etiam
819 3084 974 3140 reges
1007 3068 1282 3140 aliquando
1313 3068 1668 3142 deponendi),
1714 3085 1743 3122 a
1771 3085 1946 3140 quaes-

81 3150 318 3211 tionibus
361 3158 482 3214 aliis
517 3162 877 3231 secundariis,
914 3163 971 3218 in
1003 3164 1206 3238 quibus
1246 3165 1518 3238 reperitur
1551 3164 1812 3237 opinandi
1853 3181 1944 3218 va-

81 3246 264 3352 rietas.
300 3249 596 3330 «Magnum
623 3266 704 3316 est
730 3261 1049 3332 discrimen,
1080 3262 1280 3336 inquit,
1312 3263 1456 3319 inter
1486 3263 1847 3337 quaestionem
1871 3279 1941 3316 an

79 3349 171 3412 Sit,
197 3351 250 3400 ct
274 3350 402 3419 quid
430 3354 500 3408 sit
524 3356 607 3412 vel
634 3358 907 3430 quomodo
937 3360 1075 3415 sit...
1110 3361 1279 3416 Deum
1302 3379 1419 3417 esse
1445 3361 1658 3416 trinum
1684 3365 1738 3416 et
1764 3375 1941 3414 unum

78 3439 268 3496 nullus
289 3448 585 3507 catholicus
609 3460 792 3528 negat,
828 3457 921 3513 sed
946 3475 1139 3514 omnes
1166 3458 1486 3514 firmissima
1513 3458 1618 3513 fide
1642 3460 1847 3520 tenent;
1885 3457 1940 3506 et

76 3540 260 3592 tamen
296 3547 427 3613 quot
451 3552 577 3601 sunt
600 3548 742 3606 inter
765 3554 1114 3612 scholasticos
1148 3556 1431 3629 theologos
1457 3556 1522 3611 de
1547 3550 1939 3610 constitutione

75 3654 460 3711 personarum,
504 3642 569 3698 de
604 3647 980 3723 relationibus,
1022 3651 1088 3708 de
1132 3652 1455 3708 notionibus
1496 3646 1811 3725 opiniones?
1850 3643 1937 3700 Sic
