2340 3990
304 268 390 316 140
973 266 1272 313 TRACTATUS
1303 266 1369 312 DE
1401 267 1547 313 PAPA.

305 377 598 435 aedificavit
616 375 941 442 Ecclesiam,
961 380 1014 430 et
1041 378 1215 449 portae
1233 373 1400 431 inseri
1423 393 1537 431 non
1554 369 1938 450 praevalebunt
1953 380 2220 439 adversus
2279 440 2281 442 ,
2315 373 2318 377 ’

307 493 452 533 eam.
479 498 505 528 i>
2283 470 2286 474 ⁴

373 575 450 630 Ex
477 573 545 628 iis
581 569 938 627 documentis
978 575 1195 628 constat
1240 572 1563 648 synodicam
1604 573 1778 631 fuisse
1813 574 1969 632 illam
2004 577 2223 652 deposi-
2268 587 2313 621 τ

205 712 215 722 .
291 671 464 728 tionis
491 668 852 736 sententiam,
886 675 1083 744 utpote
1112 670 1533 745 pronuntiatam
1563 675 1762 729 cunctis
1792 674 2220 746 acclamantibus,
2286 663 2295 674 ⁴*

287 773 518 827 omnium
560 770 778 826 consilio
819 779 866 826 et
898 788 1178 828 consensu.
1223 771 1381 827 Haud
1408 771 1581 828 dubia
1614 791 1748 830 sane
1789 775 1958 848 hujus
1997 775 2221 832 concilii

287 868 549 924 Patribus
575 868 837 925 Ecclesiae
867 868 926 923 in
955 869 1291 944 temporalia
1315 889 1514 944 regum
1544 876 1814 946 potestas,
2287 947 2291 950 ἢ

359 967 447 1022 111.
519 966 808 1024 Concilium
850 969 1146 1024 Romanu-m
1201 972 1329 1025 αηηὶ
1373 969 1519 1026 1080
1547 1015 1559 1037 ,
1607 972 1700 1026 sub
1749 978 1929 1027 sancto
1972 972 2222 1044 Gregorio
2291 967 2297 1003 5

286 1066 439 1139 Papa
459 1066 573 1123 VII.
595 1100 672 1107 —
703 1089 729 1119 «
751 1068 811 1122 ln
843 1086 906 1123 eo
936 1067 1337 1140 interfuerunt,
1359 1067 1434 1144 ait
1452 1067 1788 1137 Schulcken‚
1807 1070 2224 1145 Archiepiscopi
2290 1071 2299 1127 ζ

292 1171 346 1223 01
372 1166 628 1242 Episcopi
655 1166 1010 1224 diversarum
1038 1167 1294 1238 urbium,
1334 1185 1553 1224 necnon
1585 1169 1854 1231 abbatum
1889 1189 1954 1227 ac
1982 1170 2228 1227 diverso·

301 1283 431 1321 rum
459 1265 1046 1338 ordinis—clericorum
1091 1266 1528 1323 innumerabilis
1571 1268 1898 1326 multitudo.
1936 1291 1963 1323 »
2006 1270 2227 1344 (Biblio-

304 1368 452 1421 theca
479 1368 711 1421 mamima
728 1366 1035 1438 Pontificio,
1063 1374 1104 1422 t.
1137 1366 1202 1436 ΙΙ,
1229 1386 1285 1441 p.
1321 1367 1399 1440 7.)
1437 1367 1563 1423 Post
1587 1368 2010 1442 pronuntiatam
2037 1373 2228 1424 contra

306 1482 386 1530 se,
412 1483 560 1520 anno
586 1463 691 1520 107
703 1465 755 1530 6,
792 1464 1160 1539 depositionis
1185 1465 1543 1534 sententiam,
1569 1466 1839 1523 Henricus
1866 1467 1928 1524 IV
1958 1468 2025 1524 ad
2054 1467 2230 1523 sancti

303 1563 550 1639 Gregorii
587 1565 673 1619 Vll
707 1566 877 1639 pedes
910 1584 1031 1622 sese
1062 1566 1433 1640 provolverat,
1469 1572 1523 1621 et
1552 1567 2000 1623 emendationem
2024 1566 2234 1642 promi·

305 1670 472 1721 serat.
522 1665 579 1719 Ei
619 1666 870 1722 Pontifex
918 1666 1376 1722 communionem
1429 1666 1785 1733 restituerat;
1839 1667 2012 1723 simul
2045 1671 2233 1722 tamen

304 1765 572 1821 intactam
606 1765 984 1839 relinquendo
1009 1766 1190 1840 quoad
1237 1766 1651 1841 depositionem
1695 1785 1725 1823 a
1771 1767 2040 1840 dignitate
2082 1767 2234 1840 regia

303 1864 661 1920 sententiam.
698 1864 908 1920 Interea
932 1864 1246 1920 Germaniae
1273 1883 1538 1939 proceres
1557 1865 1922 1941 Rodulplium
1949 1866 2068 1922 loco
2091 1865 2232 1921 Hen-

302 1962 404 2018 rici
455 1963 540 2031 lv,
595 1963 916 2019 inconsulta
973 1963 1110 2020 Sede
1146 1965 1490 2039 Apostolica,
1537 1965 1838 2038 elegerant.
1889 1967 2235 2040 Quapropter

301 2062 353 2118 S.
389 2062 689 2135 Gregorius
717 2064 801 2118 Vll
830 2081 1198 2137 congressum
1243 2063 1466 2133 indixit,
1507 2063 1575 2118 in'
1610 2083 1719 2138 quo
1754 2065 2115 2138 Rodulphum
2151 2063 2233 2118 in-

301 2169 385 2219 ter
412 2169 465 2219 et
494 2163 801 2220 llenricum
843 2163 904 2218 lV
927 2163 1302 2236 judicaretur.
1354 2163 1452 2219 Cui
1488 2163 1837 2235 congressui,
1876 2183 1905 2218 a
1940 2182 2049 2237 quo
2093 2163 2234 2218 nihil

301 2263 432 2319 boni
476 2263 583 2318 sibi
617 2263 960 2338 sperandum
1003 2262 1375 2334 intelligebat,
1420 2281 1542 2318 sese
1581 2263 1860 2337 subjicere
1889 2264 2072 2319 noluit
2097 2263 2238 2318 Hen-

307 2363 461 2418 ricus
491 2363 573 2418 IV.
605 2363 760 2418 Tunc
788 2362 1134 2418 celebratum
1163 2362 1470 2418 concilium
1501 2363 1635 2418 anni
1665 2362 1835 2435 1080,
1878 2363 1935 2417 in
1976 2382 2086 2437 quo
2114 2380 2240 2418 con-

309 2460 532 2516 firmata
561 2460 785 2517 Ilenrici
815 2461 1087 2535 depositio
1123 2466 1178 2517 et
1202 2460 1487 2535 Rodulphi
1528 2461 1746 2517 electio.
1790 2462 1862 2516 Ex
1895 2462 1992 2517 illa
2031 2461 2237 2519 celebri

313 2559 589 2615 sententia
623 2562 817 2633 (quam
853 2560 1132 2633 integram
1161 2560 1287 2617 vide
1313 2560 1457 2634 apud
1488 2560 1685 2627 Mansi,
1709 2567 1749 2616 t.
1791 2561 1898 2631 XX,
1937 2562 2044 2617 col.
2078 2562 2234 2635 554),

314 2658 588 2714 nonnulla
621 2659 960 2730 subjicimus
986 2680 996 2713 :

398 2759 606 2815 «Beate
632 2759 810 2830 Petre,
838 2760 1100 2835 Princeps
1130 2761 1536 2835 apostolorum,
1567 2766 1620 2817 et
1645 2766 1727 2827 tu,
1751 2761 1913 2817 Beate
1931 2762 2097 2816 Paule
2119 2761 2243 2816 doc·

315 2863 407 2913 tor
426 2857 706 2930 gentium,
726 2858 1062 2931 dignamini,
1094 2879 1304 2935 quaeSO,
1326 2879 1494 2917 aures
1519 2867 1735 2918 vestras
1750 2861 1819 2916 ad
1840 2879 1930 2917 me
1947 2860 2240 2926 inclinare,

313 2974 518 3029 meque
559 2957 870 3013 clementer
903 2960 1238 3017 exaudire...
1282 2961 1420 3026 Quia
1450 2979 1624 3036 super
1661 2966 1909 3017 montem
1953 2959 2242 3016 excelsum

313 3073 402 3111 me
426 3055 678 3128 jussistis
717 3059 1039 3129 ascendere,
1084 3065 1137 3116 et
1173 3059 1420 3116 clamare
1456 3064 1624 3133 atque
1662 3057 2000 3114 annuntiare
2033 3056 2244 3131 populo

311 3156 403 3213 Dei
431 3156 643 3212 scelera
674 3175 895 3225 eorum,
936 3165 990 3215 et
1018 3158 1152 3216 filiis
1185 3158 1447 3215 Ecclesiae
1481 3163 1707 3233 peccata
1740 3175 1958 3229 eorum,
1995 3156 2098 3211 filii
2134 3155 2246 3210 dia-

316 3256 430 3312 boli
460 3260 648 3312 contra
677 3276 767 3313 me
803 3264 1097 3332 coeperunt
1136 3260 1452 3332 insurgere,
1493 3263 1548 3313 et
1577 3276 1760 3331 usque
1796 3257 1866 3312 ad
1908 3237 2244 3331 sanguinem

319 3361 805 3430 praesumpserunt
840 3356 899 3411 in
929 3375 1018 3413 me
1048 3377 1253 3414 manus
1285 3374 1418 3414 suas
1456 3355 1706 3429 injicere.
1738 3355 2049 3411 Astiterunt
2092 3353 2247 3410 enim

322 3472 482 3528 reges
515 3459 679 3510 terrae
716 3459 769 3510 et
806 3454 1087 3531 Principes
1123 3456 1422 3513 saeculares
1462 3459 1516 3510 et
1554 3454 1939 3521 ecclesiastici,
1980 3459 2034 3510 et
2077 3450 2247 3508 aulici

326 3558 381 3610 et
411 3553 668 3626 vulgares
711 3561 1094 3611 convenerunt
1128 3556 1185 3611 in
1221 3573 1400 3611 unum
1445 3554 1712 3609 adversus
1747 3553 2044 3608 Dominum
2079 3555 2132 3606 et
2157 3547 2246 3604 ad-

326 3669 524 3709 versus
551 3670 648 3710 vos
676 3652 918 3710 christos
955 3653 1151 3727 ejus...
1196 3654 1348 3710 lnter
1382 3670 1523 3725 quos
1558 3651 1876 3726 specialiter
1899 3648 2242 3705 HenricUS...
