2340 3990
319 284 408 331 212
985 279 1281 329 TRACTATUS
1311 280 1380 327 DE
1409 281 1560 330 PAPA.

321 391 470 465 dem,
495 391 773 449 Romanos
800 386 1090 447 Pontifices
1109 407 1223 446 non
1241 389 1426 446 omnia
1448 407 1571 481 quae
1598 389 1854 447 fecerunt
1872 391 2000 466 jure
2027 395 2227 456 fecisse

324 489 589 566 (Operum
631 495 672 547 t.
707 488 883 556 XXXI,
921 508 979 564 p.
1009 490 1117 546 572
1154 496 1206 546 et
1233 508 1376 566 seq.,
1409 490 1540 546 edit.
1570 489 1754 562 Lebel,
1788 491 1981 567 1817).

393 587 778 664 Respondetur
803 586 861 643 id
887 605 1123 662 prorsus
1145 592 1300 645 extra
1327 587 1695 662 quaestionem
1723 588 1931 663 vagari.
1959 589 2093 654 Quis
2129 609 2229 649 un·
2332 603 2333 606 ’

319 706 485 763 quam
527 686 825 744 somniavit
870 687 1091 764 Papam,
1140 688 1186 745 si
1217 688 1589 745 homicidium
1630 689 1850 746 aliudve
1882 688 2098 747 facinus
2131 710 2225 766 pa-

318 790 427 842 tret
452 785 588 860 (non
625 786 776 843 enim
803 785 1182 862 impeccabilis
1208 789 1309 864 est)
1339 789 1468 863 jure
1487 791 1739 864 patrare?
1765 789 1831 844 At
1863 789 2094 863 quaestio
2120 795 2221 863 est,

315 900 387 938 an
425 883 598 941 series
625 883 1003 942 Romanorum
1033 885 1363 942 Pontificum
1398 905 1499 961 per
1534 886 1698 962 plura
1729 885 1992 943 continua
2029 887 2227 945 saecula

316 981 426 1038 sibi
459 1001 689 1041 erronee
724 983 1009 1042 vindicare
1047 985 1225 1060 possit
1269 991 1591 1062 potestatem
1629 986 1903 1060 aliquam,
1952 991 2227 1060 quatenus
2327 1006 2330 1010 ·

319 1083 428 1140 sibi
470 1102 501 1140 a
533 1084 750 1141 Christo
785 1085 1065 1154 collatam,
1107 1086 1279 1143 simul
1318 1086 1559 1162 practice
1598 1091 1652 1143 et
1688 1104 1946 1162 expresse
1986 1084 2233 1142 docendo

316 1187 526 1244 hancce
567 1193 898 1263 potestatem
942 1188 1050 1245 sibi
1095 1194 1432 1265 competere.
1480 1189 1726 1247 Dicimus
1770 1189 1828 1246 id
1875 1207 2232 1264 nequaquam

316 1285 640 1360 contingere
658 1287 840 1361 posse.
864 1286 1065 1343 Omnes
1094 1287 1245 1344 enim
1265 1288 1456 1346 fideles
1479 1295 1533 1347 et
1552 1288 1813 1363 quaelibet
1834 1288 2029 1346 mundi
2048 1287 2232 1344 Eccle-
2338 1301 2340 1319 ³

317 1385 433 1456 siae,
465 1405 596 1443 cum
628 1388 859 1445 docente
891 1387 1140 1444 Romana
1178 1388 1421 1446 Ecclesia
1454 1392 1721 1446 convenire
1748 1394 2026 1454 tenentur,
2055 1393 2118 1443 ut
2155 1387 2234 1443 ait
2335 1411 2340 1459 j

313 1485 367 1541 S.
398 1487 660 1553 IrenaeuS,
684 1496 736 1543 et
760 1488 827 1544 de
851 1487 996 1544 facto
1025 1506 1246 1564 semper
1270 1489 1627 1547 conveniunt.
1648 1489 1882 1546 Proinde
1911 1487 1958 1544 si
1985 1486 2234 1544 docendo
2287 1515 2299 1534 ε
2337 1505 2340 1528 ³

315 1590 524 1641 erraret
555 1585 651 1641 illa
679 1584 1046 1641 ecclesiarum
1076 1583 1406 1642 caeterarum
1437 1596 1614 1644 mater
1652 1592 1707 1644 et
1744 1585 2031 1661 magistra,
2060 1590 2232 1641 totam

314 1685 650 1757 generaliter
695 1685 1000 1742 Ecclesiam
1042 1704 1233 1742 secum
1282 1686 1340 1741 in
1380 1705 1629 1744 errorem
1668 1687 1935 1754 traheret3
1971 1691 2027 1742 et
2063 1692 2235 1761 portae

313 1881 520 1939 Christi
547 1884 803 1941 doctrina
833 1887 1056 1959 deficere
1082 1904 1194 1942 non
1213 1905 1376 1961 posse
1400 1887 1706 1943 Romanam
1731 1886 1946 1953 Sedem;
1972 1903 2036 1943 eo
2065 1904 2233 1943 sensu

314 1982 462 2055 quod
496 1982 761 2039 continua
801 1984 1183 2040 Romanorum
1221 1985 1547 2041 Pontificum
1585 1984 1758 2042 series
1786 2003 2034 2042 errorem
2071 1983 2234 2059 profi-

313 2081 421 2139 teri
456 2090 718 2157 nequeat,
763 2085 1019 2160 quamvis
1063 2086 1145 2160 (ut
1180 2085 1296 2160 ipse
1338 2084 1600 2160 opinatus
1646 2085 1749 2157 est.)
1785 2103 1933 2142 unus
1967 2089 2065 2141 aut
2094 2085 2234 2144 alter

311 2180 601 2240 Romanus
647 2183 898 2241 Pontifex
937 2203 1170 2241 erronee
1210 2184 1418 2241 sentire
1467 2203 1531 2241 ac
1572 2185 1802 2241 definire
1841 2183 2037 2259 possit.
2094 2182 2231 2239 Cum

313 2299 464 2357 ergo,
509 2304 624 2341 non
664 2304 814 2342 unus
859 2285 1146 2341 dumtaxat
1186 2291 1282 2341 aut
1315 2285 1456 2340 alter
1500 2284 1780 2341 Romanus
1814 2282 2088 2348 Pontifex,
2135 2281 2231 2338 sed

312 2400 483 2455 quam
512 2385 706 2459 plures
741 2402 840 2458 per
869 2384 1033 2459 plura
1061 2383 1327 2440 continua
1357 2382 1555 2439 saecula
1586 2382 1794 2439 dictam
1823 2381 1883 2438 in
1905 2380 2231 2457 temporalia

311 2487 646 2556 potestatem
670 2483 780 2540 sibi
808 2483 1115 2540 tribuerint
1141 2489 1194 2539 et
1211 2482 1339 2557 jure
1365 2481 1551 2539 divino
1579 2486 1893 2559 competere
1919 2479 2229 2552 docuerint,

311 2580 379 2636 ab
405 2581 508 2638 ista
530 2582 689 2658 praxi
715 2583 784 2638 ad
806 2582 897 2656 jus
926 2583 1075 2639 valet
1100 2582 1302 2639 illatio.
1552 2654 1565 2669 ο

389 2680 444 2736 2⁰
468 2681 673 2756 Objicit
704 2682 936 2739 Bossuet
962 2683 1240 2740 Romanos
1264 2682 1580 2753 PontiticeS‚
1612 2701 1743 2740 cum
1776 2679 2055 2757 ejusmodi
2081 2679 2231 2756 prin-

2261 1574 2340 1813 ,υ

314 1784 482 1841 inferi
533 1787 917 1859 praevalerent.
978 1786 1277 1843 Confessus
1323 1793 1405 1843 cst
1446 1786 1565 1862 ipse
1613 1786 1969 1854 Bossuetius,
2018 1805 2049 1843 a
2106 1804 2233 1843 vera
2295 1813 2305 1854 ῃ

310 2778 501 2855 cipum
545 2780 922 2855 depositiones
959 2782 1435 2857 pronuntiarunt,
1482 2801 1595 2840 non
1636 2781 1947 2838 obtinuisse
1978 2779 2229 2836 omnium
2304 2774 2308 2781 ’

311 2880 795 2955 approbationem,
830 2881 926 2938 sed
951 2886 1202 2957 repertos
1238 2884 1587 2958 synchronos
1627 2881 1726 2956 qui
1755 2881 2138 2956 vituperarent
2178 2883 2231 2936 et

309 2978 597 3054 injustitiae
625 2979 1033 3039 insimularint.

387 3077 715 3152 Respondeo
739 3098 869 3135 cum
898 3079 1215 3137 clarissimo
1241 3080 1471 3138 Bianchi
1495 3101 1507 3136 ε
1530 3083 1760 3138 Bossuet
1786 3078 1968 3136 aurait
1989 3077 2064 3134 du
2090 3092 2229 3133 nous

312 3177 434 3234 dire
461 3179 677 3253 quelles
706 3186 831 3235 sont
853 3179 933 3236 les
959 3199 1264 3255 personnes
1288 3181 1423 3237 dont
1451 3180 1855 3256 l'approbation
1882 3178 2016 3236 etait
2044 3180 2229 3234 neces-

309 3275 456 3333 saire
481 3294 625 3351 pour
647 3295 755 3351 que
783 3296 874 3334 ces
901 3284 1077 3335 sortes
1106 3280 1175 3335 de
1197 3278 1542 3354 depositions
1569 3278 1807 3335 dussent
1834 3282 1949 3335 etre
1970 3279 2226 3352 reputees

310 3374 606 3449 legitimes.
638 3375 709 3431 Ce
742 3376 881 3450 qu’il
909 3397 942 3453 y
967 3396 998 3433 a
1029 3379 1096 3434 de
1118 3378 1356 3450 certain,
1382 3379 1519 3434 c’est
1545 3378 1774 3451 qu'elles
1806 3395 1877 3434 ne
1903 3378 2091 3433 furent
2115 3374 2226 3431 bla-

311 3478 464 3533 mees
511 3475 662 3532 alors
700 3493 801 3550 par
844 3494 1029 3533 aucun
1071 3478 1413 3553 catholique,
1453 3482 1508 3534 et
1550 3477 1834 3552 qu'aucun
1875 3495 1945 3533 ne
1983 3476 2063 3532 les
2100 3480 2223 3530 taxa

311 3575 627 3652 d'injustes.
671 3575 726 3632 Si
760 3575 991 3633 Bossuet
1027 3578 1260 3653 pretend
1303 3578 1538 3653 qu’elles
1575 3577 1831 3634 auraient
1869 3576 1942 3632 du
1977 3579 2094 3632 etre
2133 3590 2222 3646 ap-

308 3683 579 3752 prouvees
596 3696 698 3755 par
723 3677 806 3736 les
833 3677 1265 3754 schisinatiques
1283 3680 1381 3754 qui
1399 3680 1617 3755 prirent
1637 3678 1691 3736 le
1716 3677 1862 3754 parti
1892 3676 1960 3733 de
1981 3672 2144 3731 Henri
2160 3669 2223 3725 IV
