2352 4126
905 355 1035 403 PARS
1067 354 1288 410 QUARTA.
1979 356 2030 401 51

156 465 335 522 verbis
360 464 580 521 excludi
616 459 951 519 pontificiam
985 478 1141 534 reges
1182 459 1492 534 deponendi
1517 464 1876 535 potestatem;
1907 477 2038 534 ergo

156 578 278 618 eam
299 565 623 633 potestatem
653 557 722 614 ab
744 555 904 612 lvone
927 573 1039 612 non
1058 558 1382 614 admissam.

230 658 608 730 Respondetur.
629 651 914 709 ——Isidori
938 654 1099 709 verba
1125 672 1480 728 nequaquam
1502 652 1735 709 Romani
1757 650 2039 708 Pontificis

155 773 314 829 reges
354 751 660 828 deponendi
684 754 1010 824 potestatem
1041 751 1364 808 excludunt.
1394 752 1530 807 Nam
1559 750 1840 825 supposita
1864 749 2036 806 etiam

156 853 251 908 illa
277 856 561 926 potestate,
579 866 771 904 verum
794 853 1045 904 remanet
1077 865 1256 920 regeS,
1284 849 1395 904 nisi
1418 854 1569 905 metu
1594 850 1858 923 gehennae
1882 866 2036 904 coer-

155 956 399 1019 ceantur,
423 951 478 1004 in
500 964 736 1020 praeceps
760 965 938 1002 ruere.
985 945 1277 1001 Enimvero
1303 945 1487 1018 pravis
1511 946 1739 1019 regibus
1760 946 2035 1021 depositio

156 1047 398 1104 timenda
422 1063 531 1101 non
550 1051 634 1100 est
660 1044 771 1100 nisi
793 1044 851 1099 in
868 1043 1155 1100 rarissimo
1181 1059 1314 1098 casu
1340 1061 1472 1116 qu0‚
1508 1042 1623 1098 sive
1648 1044 2037 1116 persecutione

157 1145 267 1201 sive
299 1143 456 1199 aliter
480 1141 808 1197 catholicam
834 1141 1000 1196 fidem
1029 1139 1144 1195 suis
1170 1139 1226 1193 in
1250 1138 1440 1210 regnis
1463 1137 1521 1192 in
1543 1137 1846 1195 discrimen
1867 1139 2038 1195 addu-

155 1246 365 1297 cerent.
390 1240 547 1294 Extra
582 1238 730 1294 hunc
763 1256 980 1302 casum,
1025 1237 1156 1293 licet
1192 1235 1451 1310 privatim
1479 1234 1540 1290 in
1565 1234 1772 1307 flagitia
1801 1253 2036 1308 quaeque

151 1341 332 1402 ruant,
351 1354 462 1391 non
481 1341 563 1392 est
580 1336 732 1392 locus
748 1334 1078 1410 depositioni
1101 1351 1199 1390 seu
1226 1332 1548 1390 coercitioni
1573 1349 1672 1406 per
1693 1331 2035 1388 Pontificiam

150 1434 549 1489 auctoritatem.
573 1433 818 1507 Cumque
840 1450 954 1488 non
976 1432 1047 1488 sit
1070 1431 1214 1486 alius
1231 1430 1327 1504 qui
1347 1448 1443 1486 eos
1470 1428 1766 1486 efficaciter
1782 1446 2037 1486 coercere

149 1532 345 1600 valeat,
376 1532 571 1587 merito
604 1531 706 1586 hoc
740 1530 935 1603 ingens
961 1528 1333 1585 damnationis
1371 1527 1683 1601 periculum
1714 1526 1793 1583 eis
1828 1526 2034 1600 indigi-

148 1633 221 1682 tat
253 1633 472 1684 sanctus
503 1627 763 1682 Isidorus,
795 1659 864 1667 —
890 1627 1005 1682 Imo
1039 1626 1206 1682 etiam
1232 1625 1290 1679 in
1329 1624 1616 1680 rarissimo
1647 1642 1777 1680 casu
1821 1642 1932 1698 quo
1974 1625 2037 1678 de

142 1726 260 1794 jure.
281 1731 469 1780 contra
494 1725 639 1797 ipsos
663 1724 961 1798 procedere
982 1729 1167 1797 posset
1193 1741 1448 1779 summus
1474 1720 1722 1778 Pontifex
1740 1722 1809 1777 ad
1836 1739 2037 1796 praeca-

150 1821 379 1875 vendam
406 1822 484 1875 rei
519 1823 797 1877 catholicae
830 1822 1078 1891 ruinam,
1116 1821 1226 1877 nisi
1265 1828 1417 1877 metu
1456 1821 1723 1894 gehennae
1747 1836 2037 1885 coercean-

151 1924 261 1984 tur,
310 1919 374 1974 de
414 1918 558 1973 facto
599 1920 926 1991 plerumque
974 1919 1339 1992 impossibilis
1383 1920 1574 1975 evadet
1615 1918 1893 1992 ejusmodi
1937 1937 2035 1992 pei·

149 2013 459 2069 Romanum
497 2014 815 2069 Pontificem
842 2014 1121 2070 coercitio,
1152 2013 1286 2077 Quia
1317 2032 1517 2086 nempe
1547 2033 1647 2070 nec
1674 2015 1794 2087 ipse
1819 2033 1879 2070 se
1904 2015 2034 2070 sub-

143 2111 316 2184 jiciet,
364 2129 465 2166 nec
511 2111 603 2166 alii
645 2111 926 2185 Principes
972 2112 1133 2167 facile
1175 2112 1509 2166 inducentur
1547 2111 1616 2165 ad
1657 2111 2032 2184 praestandum

149 2208 354 2263 brachii
396 2208 482 2263 sui
522 2208 802 2263 saecularis
828 2207 1125 2264 auxilium.
1164 2209 1285 2262 llaec
1317 2208 1503 2262 inania
1536 2207 1804 2264 Bossuetii
1832 2208 2033 2282 effugia

146 2305 326 2377 quoad
357 2304 662 2359 secundum
702 2304 882 2360 lvonis
915 2309 1144 2360 textum.
1171 2303 1311 2368 Quid
1344 2312 1530 2359 autem
1560 2305 1819 2378 opposuit
1838 2305 2029 2378 priori,

147 2405 250 2459 hoc
275 2408 376 2472 est,
415 2403 591 2458 lvonis
618 2403 859 2476 epistolae
887 2402 955 2457 ad
987 2402 1196 2474 Anglioe
1230 2402 1467 2474 Regem?
1501 2401 1733 2458 Prorsus
1759 2402 1921 2458 nihil.
1951 2402 2032 2456 Si-

145 2501 314 2556 lentio
350 2501 719 2573 praetermisit.
765 2501 1159 2556 Incunctanter
1198 2505 1383 2555 autem
1410 2500 1633 2555 Ivonem
1660 2504 2033 2573 propugnato-

147 2615 264 2652 rem
299 2599 531 2654 asseruit
558 2598 846 2672 ipsissimae
875 2597 1162 2667 doctrinae,
1198 2598 1254 2652 in
1283 2598 1464 2671 primo
1501 2602 1742 2670 quatuor
1766 2597 2031 2653 articulo-

147 2711 270 2750 rum
299 2696 426 2750 anni
458 2697 601 2752 1682
628 2700 916 2751 contenta).

460 2925 483 2976 g
513 2925 550 2964 7.
574 2947 620 2954 —
641 2924 834 2965 Doctrina
857 2925 990 2965 sancti
1010 2925 1174 2965 ‘rhomae
1194 2931 1235 2966 et
1253 2926 1386 2967 sancti
1407 2927 1722 2967 Bonaventurte.

217 3067 419 3122 Ambos
449 3068 861 3141 conjungimus,
903 3075 1022 3124 tum
1061 3068 1188 3142 quia
1227 3069 1550 3142 synchroni,
1584 3075 1702 3124 tum
1722 3070 1853 3142 quia
1878 3075 2026 3126 uter-

147 3181 252 3237 que
276 3164 626 3238 splendidum
651 3166 806 3221 sidus
830 3165 1210 3222 Universitatis
1239 3165 1586 3222 Parisiensis.

220 3261 260 3316 1.
306 3262 523 3318 Sanctus
562 3263 949 3320 Bonaventura.
974 3298 1042 3305 —-
1064 3285 1092 3317 «
1128 3264 1243 3319 Jam
1267 3283 1397 3320 vero
1442 3270 1674 3338 possunt
1711 3265 2026 3321 Sacerdotes

148 3362 202 3411 et
219 3357 502 3415 Pontifices
519 3379 583 3416 ex
598 3379 762 3417 causa
784 3380 1034 3418 amovere
1060 3380 1241 3436 regeS,
1262 3368 1315 3418 et
1339 3363 1612 3436 deponere
1638 3363 2020 3437 imperatores,

148 3453 291 3508 sicut
317 3457 514 3528 saepius
535 3459 730 3514 accidit
755 3463 808 3514 et
832 3459 1013 3514 visum
1041 3464 1146 3525 est;
1174 3459 1393 3532 quando
1413 3459 1626 3516 scilicet
1651 3478 1843 3516 eorum
1869 3457 2022 3511 mali-

148 3549 220 3603 tia
253 3550 352 3605 hoc
377 3552 543 3624 exigit
579 3559 631 3609 et
669 3554 988 3627 reipublicae
1023 3554 1325 3610 necessitas
1355 3555 1434 3611 sic
1467 3556 1723 3629 requirit.
1762 3556 2021 3610 Summus

146 3663 272 3702 vero
300 3645 541 3701 Pontifex
573 3666 739 3720 penes
766 3668 932 3721 quern
966 3650 1023 3705 in
1055 3650 1223 3706 terris
1253 3651 1432 3725 prima
1462 3652 1670 3708 residet
1697 3645 2017 3715 auctoritaS,
