2340 3990
351 283 440 343 428
1031 279 1328 328 rnAcrAros
1357 281 1423 327 DE
1454 282 1605 343 PAPA,

358 393 428 450 ab
470 392 814 451 oecumenica
853 391 1062 468 synodo
1101 389 1348 464 exprimi
1389 397 1574 466 potest
1609 383 1858 449 definitio
1886 391 2017 450 fidei
2051 395 2307 469 proprie&

356 491 504 550 dicta
529 511 631 548 seu
662 489 1035 546 conscientias
1063 489 1134 546 ad
1165 488 1510 547 credendum
1542 490 1821 565 obligans.
1860 490 2053 547 Solent
2090 483 2322 550 aucto-52⁴·-

357 610 449 652 res
473 590 780 647 nonnullas
811 608 919 647 usu
944 589 1356 665 frequentiores
1387 587 1710 666 indigitare,
1736 591 1995 648 videlicet
2027 574 2307 669 quinque&

347 694 689 765 sequentes:
2032 691 2034 693 ’
2301 678 2307 684 ’

429 790 482 846 10
524 788 578 844 Si
621 788 936 845 concilium
980 789 1057 846 ita
1087 790 1374 861 decernat,
1411 796 1476 847 ut
1516 791 1782 847 haereticos
1823 790 2150 865 pronuntiet
2177 793 2271 866 qui
2329 771 2340 819 Ῐ

344 886 694 946 contrarium
727 887 1094 945 asseruerint.

426 988 483 1043 2⁰
514 987 746 1052 Quando
784 987 920 1044 dicit
961 988 1246 1063 synodus:
1282 987 1328 1045 si
1377 988 1506 1062 quis
1547 988 1653 1046 hoc
1693 992 1792 1045 aut
1833 987 1977 1044 illud
2019 987 2269 1056 senserit,

344 1088 644 1144 anathema
674 1087 765 1144 sit.

422 1188 478 1243 3⁰
513 1187 566 1244 Si
593 1187 653 1243 in
694 1205 790 1243 eos
830 1188 925 1261 qui
965 1194 1156 1244 contra
1198 1188 1486 1244 tenuerint
1527 1188 1864 1246 decernatur
1889 1185 2272 1245 excommuni-

348 1286 490 1343 catio
521 1287 645 1359 ipso
673 1285 817 1341 facto
845 1285 1208 1340 incurrenda.

421 1385 478 1438 4⁰
510 1383 566 1437 Si
594 1384 700 1438 hoc
732 1382 820 1438 vel
853 1381 997 1436 illud
1015 1376 1307 1455 'expresse
1327 1381 1549 1437 dicatur
1574 1400 1606 1437 a
1632 1383 1873 1454 fidelibus
1904 1385 2125 1457 firmiter
2164 1401 2276 1438 cre-
2330 1363 2340 1374 ¹

352 1481 602 1547 ciendum,
638 1479 725 1534 vel
754 1487 1005 1551 tanquam
1039 1479 1227 1551 doymo
1251 1480 1373 1552 fidei
1406 1480 1670 1536 catholicae
1704 1481 2089 1554 accipiendum.
2123 1479 2274 1553 (vide

344 1577 702 1634 Melchiorem
737 1578 973 1646 Canum,
1006 1579 1070 1634 (le
1095 1579 1222 1634 Iocis
1255 1579 1459 1648 Theol.‚
1486 1580 1587 1636 lib.
1619 1580 1680 1647 V,
1713 1598 1834 1654 cap.
1866 1580 1941 1651 v.)

418 1678 474 1732 50
518 1677 750 1742 Quando
792 1677 1020 1734 concilii
1061 1679 1248 1735 Patres
1297 1677 1517 1750 dicunt,
1566 1680 1862 1752 definimus,
1901 1685 1954 1737 et
1997 1686 2171 1753 agunt
2204 1682 2272 1739 de

341 1776 577 1832 materia
597 1775 751 1843 fidei,
787 1796 899 1833 non
928 1778 996 1834 de
1022 1796 1176 1834 mera
1206 1777 1525 1853 disciplina.

415 1875 522 1932 Sed
578 1882 779 1951 praeter
823 1877 1102 1950 ejusmodi
1150 1878 1451 1948 formulas,
1506 1879 1807 1953 excogitari
1862 1886 2096 1954 possunt
2149 1879 2270 1936 'aliae

339 1975 552 2042 multae,
595 1994 719 2049 quae
763 1996 873 2032 non
913 1978 1103 2034 minus
1142 1984 1360 2035 certum
1400 1979 1625 2049 faciant,
1667 1980 1799 2036 licet
1845 1980 1949 2035 suh
1991 1979 2120 2035 aliis
2157 1985 2269 2036 ter-

341 2074 535 2142 minis,
571 2093 692 2130 rem
722 2075 945 2132 definiri
980 2086 1245 2151 tanquam
1287 2078 1592 2135 articulum
1623 2078 1754 2135 fidei
1781 2079 1851 2134 ab
1889 2079 2152 2134 omnibus
2178 2078 2280 2133 fir-

338 2174 507 2232 miter
533 2176 876 2232 credendum
896 2180 931 2231 ¹.

414 2274 479 2330 ΙΙ.
511 2275 646 2331 Item
684 2275 879 2332 multae
907 2277 1208 2351 possibiles
1241 2284 1371 2333 sunt
1405 2277 1664 2334 formulae
1699 2296 1820 2351 quae
1857 2276 2158 2333 excludant
2183 2274 2291 2333 vel'

336 2373 565 2429 dubiam
596 2375 924 2448 relinquant
956 2376 1183 2451 proprie
1218 2375 1427 2432 dictam
1458 2376 1685 2432 concilii
1716 2376 2123 2442 definitionem,
2159 2393 2266 2450 qua

336 2488 540 2546 nempe
572 2473 928 2529 conscientiae
965 2473 1034 2529 ad
1076 2473 1422 2530 credendum
1458 2474 1908 2548 obstringamur.
1939 2472 2102 2529 Verbi
2149 2489 2268 2545 gra-

334 2568 432 2639 tia,
474 2571 520 2625 si
565 2572 752 2627 Patres
795 2572 1049 2628 dicerent
1100 2574 1198 2628 sibi
1238 2574 1436 2640 videri,
1495 2574 1582 2629 vel
1629 2574 2108 2648 probabilissimum
2156 2590 2267 2627 esse

336 2669 442 2724 hoc
467 2675 564 2726 aut
588 2670 730 2725 illud
762 2671 830 2725 ad
870 2671 1070 2742 dogma
1103 2672 1444 2728 catholicum
1483 2673 1788 2746 pertinere,
1832 2677 1982 2727 certo
2010 2669 2266 2726 exclude-

340 2772 500 2824 retur
532 2769 754 2843 proprie
779 2768 924 2824 dicta
947 2768 1220 2836 definitio,
1250 2775 1312 2825 ut
1335 2775 1504 2844 patet.
1535 2770 1590 2826 Si
1618 2789 1747 2826 vero
1783 2769 2028 2845 synodus
2053 2768 2265 2843 aliquid

333 2866 616 2940 dogmatis
659 2872 872 2923 asserat
904 2872 957 2924 et
987 2868 1217 2924 omnino
1248 2874 1464 2924 certum
1507 2876 1803 2944 supponat,
1848 2868 1945 2925 sed
1979 2867 2038 2923 in
2077 2867 2263 2943 phrasi
2301 2855 2309 2864 ¹

328 2966 623 3033 incidenti,
669 2986 770 3024 seu
805 2967 880 3023 ita
925 2973 988 3023 ut
1020 2969 1171 3042 quod
1215 2968 1488 3024 asseritur
1530 2987 1640 3026 non
1681 2970 1754 3026 sit
1797 2969 2112 3044 principale
2149 2987 2261 3026 ser-

330 3067 513 3122 monis
543 3067 847 3140 objectum,
891 3074 1028 3124 tunc
1067 3068 1267 3125 merito
1298 3069 1356 3124 in
1394 3068 1635 3126 dubium
1674 3069 1922 3125 revocari
1966 3073 2146 3143 potest
2189 3086 2260 3124 an

375 3257 391 3284 ¹
417 3271 436 3295 «
471 3256 647 3303 Quando
678 3262 822 3298 autem
843 3259 1068 3301 decretum
1097 3266 1366 3313 proponatur
1396 3267 1600 3314 tanquam
1626 3261 1679 3302 de
1710 3261 1807 3310 fide,
1837 3261 1959 3302 facile
1992 3261 2261 3312 cognoscitur

325 3336 372 3367 ex
397 3325 537 3366 verbis
561 3325 741 3367 concilii.
776 3325 951 3379 Semper
970 3328 1085 3368 enim
1107 3329 1247 3369 dicere
1270 3330 1408 3370 solent
1437 3341 1483 3370 se
1501 3330 1713 3381 explicare
1734 3331 1862 3371 fidem
1889 3330 2139 3371 catholicam
2161 3343 2171 3378 ;
2195 3329 2259 3370 vel

324 3394 552 3436 haereticos
577 3393 794 3436 habendos
820 3394 894 3447 qui
924 3395 1192 3436 contrarium
1231 3397 1445 3446 sentiunt3
1478 3398 1545 3438 vel
1580 3397 1707 3451 (quod
1744 3404 1807 3439 est
1843 3393 2254 3448 communissimum)

329 3462 483 3503 dicunt
519 3464 745 3504 anathema
774 3469 815 3505 et
848 3464 898 3504 ab
923 3463 1113 3505 Ecclesia
1141 3465 1372 3506 excludunt
1404 3478 1474 3506 eos
1495 3467 1566 3519 qui
1594 3468 1858 3508 contrarium
1883 3467 2074 3508 sentiunt
2100 3481 2119 3506 »
2148 3464 2258 3520 (Bel-

325 3530 558 3581 ‘larminus,
587 3532 638 3583 de
662 3533 874 3583 Conciliis,
896 3533 925 3575 l.
956 3523 1018 3583 11,'
1047 3546 1083 3575 c.
1110 3531 1197 3584 xii).
1233 3534 1358 3576 Addit
1393 3535 1704 3578 Bellarminus:
1736 3551 1754 3576 <t
1781 3537 1951 3583 Quando
1979 3541 2121 3577 autem
2146 3530 2256 3574 nihil

334 3600 485 3642 horum
501 3601 664 3652 dicunt,
690 3615 772 3643 non
792 3608 856 3644 est
877 3607 1044 3644 certum
1072 3614 1162 3643 rem
1190 3615 1278 3644 esse
1297 3604 1347 3644 de
1374 3605 1470 3645 fide.
1498 3620 1517 3644 »
1543 3605 1620 3645 Sed
1637 3606 1961 3658 intelligendum
1987 3610 2066 3653 cst,
2089 3601 2254 3656 quando

336 3667 446 3710 nihil
470 3670 626 3711 horum
646 3676 720 3711 aut
741 3671 893 3712 iisdem
921 3675 998 3712 aut
1020 3670 1374 3725 aequivalentibus
1390 3674 1588 3714 terminis
1614 3675 1774 3716 dieunt.
