2340 3990
191 277 281 322 440
654 275 808 320 INDEX
840 273 997 319 JUXTA
1033 271 1375 318 MATERIARUM
1408 270 1660 336 ORDINEM.

352 381 392 421 la
411 379 545 420 docti
533 391 604 420 me
631 378 683 419 de
708 389 757 418 ce
784 375 963 425 concile,
995 377 1039 417 la
1064 376 1292 429 puissance
1318 376 1556 450 spirituelle
1577 386 1631 417 ne
1651 387 1671 417 s
1673 375 1813 418 ’etend
1834 387 1912 430 pas
1932 389 1988 419 au

350 447 553 500 temporel
574 446 650 486 des
674 444 792 485 Etats
799 474 1979 488 .......................

297 517 339 558 4
369 514 582 569 objection
598 513 651 554 de
666 512 857 555 Bossuet.
879 535 935 546 —
952 513 1005 555 Le
1027 512 1192 555 concile
1217 511 1389 566 general
1406 513 1460 555 de
1482 513 1596 565 Lyon
1619 524 1674 554 ne
1697 523 1860 565 prouve
1879 511 1988 561 rien,

349 595 476 638 parce
501 594 587 635 que
603 581 642 622 la
666 585 869 623 sentence
894 580 948 623 de
964 581 1207 633 deposition
1229 586 1378 624 contre
1392 581 1596 623 Frederic
1610 581 1649 622 ΙΙ
1667 593 1691 623 a
1715 581 1784 622 ete
1802 591 1992 633 pronon·
2105 600 2133 626 ς
2319 615 2327 622 ..

349 654 423 694 cee
445 656 663 707 praesente
677 649 871 700 concilio,
898 654 941 692 et
955 662 1042 692 non
1067 662 1142 703 pas
1165 650 1436 705 approbante
1456 649 1656 692 concilio.
1706 681 1982 695 ......
2045 650 2124 692 125
2235 680 2238 682 -
2267 684 2274 690 ..
2311 699 2313 701 ,

300 723 344 763 5⁰
368 721 584 775 objection
610 721 661 762 de
686 720 956 761 Bossuetae-
973 719 1091 761 Saint
1117 718 1242 762 Louis
1265 725 1309 762 et
1337 721 1398 761 les
1420 719 1616 770 Francais
1644 719 1950 761 continuerent
1972 720 1997 761 a
2095 764 2098 773 ¹
2306 719 2317 774 ‚f

351 790 557 842 regarder
581 789 779 830 Frederic
798 801 962 830 comme
985 799 1216 842 empereur
1234 788 1443 842 legitime,
1472 789 1597 841 apres
1618 800 1701 841 que
1715 787 1922 840 Gregoire
1940 788 1995 829 IX
2313 826 2322 836 ,

348 859 454 900 l'eut
480 858 651 911 deposci,
683 858 959 911 quantumvis
993 871 1022 898 a
1049 857 1252 911 Greqorio
1277 858 1335 900 IX
1367 856 1574 912 fuisset...
1602 857 1869 912 depositione
1888 869 1995 912 per-
2268 890 2277 894 s
2314 844 2317 849 ¹

346 927 518 968 culsus:
541 927 651 968 donc
672 939 725 967 on
752 938 807 968 ne
823 926 984 979 croyait
1006 938 1079 980 pas
1103 939 1158 967 au
1178 925 1356 979 pouvoir
1376 926 1430 967 de
1454 914 1630 976 l'Eglise
1653 925 1706 966 de
1735 923 1918 977 deposer
1931 924 1992 966 les
2285 957 2290 970 .,
2318 955 2340 978 ².-

349 996 614 1043 souverains‚
640 1000 682 1036 et
710 995 750 1035 la
774 995 1015 1048 deposition
1045 995 1099 1036 de
1126 995 1327 1036 Frederic
1352 994 1458 1035 dans
1482 994 1524 1035 le
1550 993 1714 1035 concile
1738 993 1790 1034 de
1808 994 1922 1046 Lyon
1939 1005 1995 1035 ne
2319 995 2323 1010 ³

345 1076 508 1116 prouve
532 1076 607 1116 pas
631 1076 678 1105 ce
697 1064 878 1114 pouvoir
885 1092 1985 1107 .....................
2048 1061 2123 1105 131

296 1134 338 1174 6·
362 1133 575 1186 objection
604 1133 655 1174 de
677 1133 862 1175 Bossuet.
885 1156 940 1163 —
960 1134 1012 1174 Le
1032 1133 1178 1174 decret
1198 1133 1256 1174 du
1273 1132 1434 1174 concile
1451 1133 1505 1173 de
1530 1132 1685 1173 Trente
1702 1143 1778 1173 sur
1795 1131 1857 1172 les
1877 1131 1998 1173 duels
2280 1128 2283 1133 ’
2314 1130 2318 1163 ἶ

374 1215 428 1243 ne
463 1214 624 1255 prouve
650 1214 725 1255 pas
759 1213 843 1253 que
879 1190 1052 1253 l'Eglise
1090 1213 1135 1242 se
1177 1201 1258 1241 soit
1297 1199 1486 1241 attribue
1510 1212 1570 1240 un
1595 1203 1777 1252 pouvoir
1801 1199 1854 1240 de
1881 1199 1997 1240 droit
2283 1134 2337 1383 ξ*

377 1268 493 1309 divin
520 1280 595 1308 sur
619 1269 659 1308 le
682 1267 890 1319 temporel
917 1267 990 1308 des
1016 1257 1152 1311 Etats.
1170 1299 1179 1307 .
1223 1297 1989 1308 ...............
2051 1266 2129 1308 155
2279 1267 2290 1280 ”
2321 1274 2324 1279 ’

247 1337 337 1377 Cir.
366 1336 450 1376 Vll.
470 1358 523 1366 —
541 1336 666 1376 Multa
693 1334 874 1375 concilia
892 1335 1174 1386 particularia
1190 1334 1391 1375 Ecclesiae
1409 1333 1728 1386 adscripserunt
1742 1339 1995 1387 potestatem

294 1403 338 1443 in
368 1402 627 1455 temporalia
659 1406 850 1443 statuum
860 1432 1989 1444 ......................
2050 1403 2129 1445 137
2296 1389 2311 1442 ἶ]

185 1485 362 1528 SECTlO
390 1485 466 1526 111.
495 1509 548 1515 —
567 1486 878 1536 Argumentum
912 1497 935 1526 e
958 1484 1077 1537 praxi
1097 1484 1382 1526 Romanorum
1409 1470 1662 1526 Pontificum
1673 1518 1991 1530 .......
2053 1486 2132 1527 145
2299 1460 2310 1524 1ss

243 1555 334 1596 Cu».
388 1553 422 1594 I.
444 1577 498 1583 -
523 1555 735 1606 Agapetus
762 1554 887 1605 Papa,
916 1566 1025 1594 anno
1042 1553 1136 1601 556,
1165 1553 1246 1594 sibi
1281 1553 1437 1595 dictam
1457 1557 1714 1606 potestatem
1740 1553 1990 1598 vindicavit.
2052 1554 2133 1597 145

243 1623 333 1664 Cir.
367 1622 419 1663 Il.
448 1645 500 1653 —
522 1623 560 1663 S.
591 1621 824 1673 Gregorius
853 1622 1027 1674 Magnus
1047 1622 1242 1663 eamdem
1262 1627 1517 1676 potestatem
1535 1620 1614 1663 sibi
1637 1622 1884 1666 vindicavit.
1924 1655 1935 1665 .
1978 1657 1989 1667 .
2052 1623 2131 1664 146

243 1692 335 1732 civ.
354 1690 427 1730 111.
445 1691 617 1730 —Item
643 1690 876 1740 Gregorius
895 1690 947 1737 Il,
972 1702 1082 1731 anno
1104 1689 1182 1731 726
1193 1722 1990 1734 ................
2051 1692 2132 1733 150

243 1760 335 1801 cip.
358 1759 422 1799 lv.
448 1758 626 1799 —Item
654 1758 692 1797 S.
727 1758 973 1801 Zaccharias
988 1759 1114 1811 Papa,
1146 1771 1257 1800 anno
1276 1759 1450 1800 circiter
1482 1759 1554 1800 751
1569 1791 1991 1804 .........
2053 1761 2130 1802 165

244 1828 337 1868 Cir.
371 1828 413 1869 V.
441 1851 495 1858 —
522 1829 627 1868 ltem
650 1827 889 1880 Stephanus
905 1829 1015 1879 Papa
1039 1828 1114 1876 ΙΙΙ,
1138 1841 1249 1869 anno
1268 1828 1344 1869 754
1356 1859 1988 1875 .............
2052 1828 2132 1872 170

245 1895 336 1935 Cir.
358 1894 425 1934 w.
444 1917 497 1923 —
518 1893 625 1934 Item
645 1893 724 1933 Leo
743 1894 851 1945 Papa
872 1893 950 1941 ΙΙΙ,
978 1893 1209 1946 imperium
1237 1894 1288 1934 ab
1310 1893 1483 1935 Oriente
1502 1892 1546 1933 in
1572 1892 1841 1935 Occidentem
1861 1899 1998 1935 trans-

296 1962 487 2012 ferendo,
512 1963 589 2003 sub
607 1962 777 2002 initium
796 1962 943 2003 saeculi
967 1962 1068 2002 noni
1080 1994 1990 2006 ..................
2054 1960 2127 2002 171

247 2031 337 2071 Cir.
363 2032 449 2072 YlI.
474 2055 527 2062 —
554 2032 659 2073 Item
688 2031 920 2083 Gregorius
935 2033 1045 2085 Papa
1063 2032 1108 2078 V,
1133 2033 1338 2073 electores
1363 2032 1605 2085 imperiales
1623 2031 1934 2073 instituendo..
1982 2063 1992 2073 .
2055 2029 2134 2071 202

246 2100 334 2140 Car.
363 2100 465 2141 vul.
494 2123 547 2130 —
574 2101 614 2142 S.
651 2100 880 2152 Gregorius
906 2101 974 2141 Vll
993 2106 1035 2141 et
1067 2100 1223 2152 viginti
1261 2101 1474 2142 subsecuti
1508 2100 1732 2141 Pontifices
1768 2100 1927 2141 dictam
1953 2099 1999 2140 in

300 2169 556 2222 temporalia
583 2174 773 2211 statuum
790 2176 1044 2222 potestatem
1071 2170 1153 2212 sibi
1176 2170 1450 2211 vindicarunt
1462 2201 1991 2213 ...........
2054 2166 2130 2210 207

252 2239 344 2279 Cir.
370 2238 555 2278 lX.—Ex
568 2238 685 2279 dicta
701 2239 818 2290 praxi
839 2240 1128 2280 Romanorum
1145 2239 1399 2280 Pontificum
1423 2239 1579 2281 merito
1601 2239 1785 2282 infertur
1801 2239 1999 2280 Ecclesiae

299 2313 542 2360 competere
563 2307 634 2359 jus
655 2309 700 2348 in
718 2320 810 2348 rem
837 2309 1122 2362 temporalem
1138 2309 1395 2350 societatum
1419 2309 1611 2350 civilium
1622 2340 1993 2354 ........
2056 2307 2135 2354 210

197 2390 370 2432 SECTIO
394 2391 454 2434 1v.
477 2415 530 2422 —-
558 2395 866 2444 Argumentum
888 2406 911 2434 e
934 2394 1144 2435 constanti
1164 2393 1361 2436 Ecclesia]
1383 2393 1500 2445 praxi
1513 2424 1992 2436 ..........
2055 2390 2132 2432 217

246 2459 338 2500 Cir.
386 2461 419 2501 Ι.
439 2485 493 2491 -
517 2461 715 2514 Synopsis
739 2462 1039 2514 chronologica
1049 2492 1993 2508 ...................
2055 2458 2130 2500 217

244 2527 333 2568 Cir.
358 2529 409 2570 ll.
430 2554 484 2560 —
502 2530 706 2572 Constans
723 2531 862 2583 praxis
875 2544 960 2584 qua
973 2532 1209 2574 auctoritas
1231 2532 1519 2574 ecclesiastica
1539 2531 1620 2573 sibi
1633 2535 1888 2583 potestatem
1904 2529 2002 2570 vin·

300 2598 457 2638 dicavit
491 2599 535 2639 in
568 2612 660 2640 rem
688 2601 971 2652 temporalem
1003 2602 1254 2644 societatum
1277 2602 1490 2652 civilium,
1517 2602 1666 2655 prohat
1690 2599 1901 2652 ejusmodi
1926 2611 2002 2652 po-

299 2670 495 2708 testatem
515 2667 597 2719 ipsi
618 2679 767 2708 revera
787 2667 888 2719 jure
911 2669 1057 2711 divino
1081 2675 1326 2722 competere
1337 2698 1990 2714 .............
2053 2664 2131 2706 246

197 2749 369 2791 SECTIO
397 2751 438 2790 Y.
453 2751 799 2791 —Conl'utantur
819 2751 1029 2792 Bossuetii
1055 2756 1311 2803 argumenta
1335 2763 1357 2792 e
1376 2751 1607 2791 traditione
1634 2749 1864 2802 divinoque
1881 2753 1996 2791 textu

245 2820 516 2872 deprompta.
575 2848 1988 2863 ...........................
2052 2816 2131 2858 248

244 2890 334 2931 Cir.
385 2890 418 2930 Ι.
443 2913 495 2920 -
524 2889 614 2930 Non
644 2889 787 2930 valent
808 2894 1062 2941 argumenta
1081 2901 1102 2930 e
1127 2888 1362 2930 traditione
1383 2901 1406 2929 a
1435 2887 1654 2929 Bossuetio
1677 2887 1878 2928 deducta.
1923 2919 1932 2928 .
1958 2888 1984 2930 ’.
2047 2885 2128 2927 248

241 2958 334 3001 Cir
360 2958 414 2998 ll.
442 2981 496 2988 —
513 2958 597 2999 Non
624 2958 768 2998 valent
784 2962 1037 3009 argumenta
1068 2970 1092 2999 e
1117 2969 1236 2999 sacro
1255 2962 1373 2999 textu
1398 2969 1420 2998 a
1445 2956 1663 2998 Bossuetio
1681 2956 1932 2997 deducta..
1978 2988 1988 2997 .
2050 2956 2128 2998 262

238 3026 329 3068 Car.
348 3026 423 3066 Ill
441 3050 496 3057 —
512 3027 643 3073 Quam
670 3026 961 3079 periculosum
984 3026 1039 3067 sit
1065 3032 1247 3068 svstema
1274 3025 1498 3074 Bossuetii‚
1517 3026 1570 3067 ad
1591 3037 1740 3066 verum
1762 3024 1997 3077 Scripturae

292 3103 423 3132 sacrae
440 3103 610 3133 sensum
630 3103 793 3133 necnon
827 3093 879 3134 ad
905 3093 1099 3145 pliorum
1125 3093 1386 3134 saeculorum
1409 3091 1684 3134 traditionem
1709 3090 1991 3144 provocantis.
2051 3090 2131 3132 2ῖ2

240 3160 333 3202 Cn».
358 3160 421 3200 IV
441 3183 495 3190 -
513 3160 654 3206 Quam
666 3162 824 3213 potiori
844 3163 944 3215 J'ure
968 3163 1020 3203 ad
1035 3173 1198 3204 sacram
1214 3162 1484 3215 Scripturam
1503 3165 1730 3214 provocent
1746 3171 1996 3213 propugna-

295 3236 407 3271 tores
428 3229 662 3271 Pontificiae
688 3230 907 3282 potestatis
933 3231 977 3271 in
1006 3243 1100 3272 rem
1129 3231 1410 3284 temporalem
1431 3235 1642 3272 statuum.
1707 3259 1988 3274 ......
2050 3227 2130 3269 279

191 3313 360 3356 SECTlO
387 3312 453 3354 VI.
481 3336 535 3343 —
557 3313 820 3365 Argumenta
849 3325 871 3354 e
895 3314 1135 3355 rationibus
1163 3313 1408 3366 theologicis
1415 3340 1988 3358 ............
2050 3310 2130 3352 280

243 3381 334 3423 cn».
359 3382 394 3426 Ι,
420 3404 472 3412 -
494 3381 810 3433 Argumentum
830 3393 880 3422 ex
903 3381 1132 3433 utriusque
1167 3381 1385 3422 societatis
1402 3381 1496 3421 =fine
1507 3411 1715 3424 .....
1754 3394 1756 3396 ·
1758 3410 1984 3425 .....
2048 3378 2128 3420 280

296 3451 322 3504 5
346 3448 386 3493 1,
413 3472 464 3479 -
491 3448 548 3490 De
572 3447 789 3490 societatis
810 3447 1024 3500 religiosae
1048 3448 1290 3490 domesticae
1325 3454 1367 3489 et
1387 3447 1526 3490 civilis
1547 3447 1724 3501 proprio
1748 3447 1847 3496 fine,
1872 3451 1916 3488 et
1942 3447 1995 3488 de

350 3517 599 3559 eorumdem
624 3517 778 3559 finium
811 3516 1160 3559 subordinatione
1171 3546 1989 3564 ................
2050 3511 2129 3554 280

350 3588 482 3640 Prop.
503 3587 556 3628 1¹.
581 3609 634 3616 —
655 3586 747 3626 Non
771 3586 910 3639 potuit
938 3585 1048 3628 Deus
1068 3586 1265 3642 homin—es
1283 3586 1466 3627 creando
1488 3585 1623 3628 alium
1642 3585 1774 3627 finem
1791 3583 1996 3626 ultimum

404 3653 487 3696 sibi
504 3666 746 3708 proponere
770 3665 900 3708 quam
916 3652 1105 3708 seipsum
1123 3658 1326 3708 tanquam
1344 3664 1563 3696 summum
1588 3653 1750 3694 bonum
1779 3651 1996 3704 attinget:-

2041 444 2120 487 123
