2340 3990
307 243 396 291 150
976 249 1272 296 memus
1302 249 1369 296 nis:
1399 250 1549 297 PAPA.
1633 309 1638 314 ¹

309 354 484 410 divino
495 356 694 428 judicio
721 357 946 411 existere
967 355 1032 411 de
1041 363 1350 429 perpetrata
1375 358 1652 430 iniquitate
1677 365 1971 429 coynoscat.
1995 360 2213 435 (Ep1st.‚

311 451 353 507 l.
381 453 515 522 XIII,
540 471 625 528 ep.
652 473 756 523 vin,
781 453 912 510 edit.
940 453 1141 527 Migne,
1163 475 1221 530 p.
1244 454 1440 525 1265.)
1467 455 1644 512 Simul
1664 459 1851 512 autem
1875 456 1941 511 ad
1963 458 2213 530 reginam

310 551 729 608 Brunichildem
760 551 988 627 scripsit
1029 561 1259 612 sanctus
1285 555 1623 630 Gregorius:
1654 554 1778 611 Haec
1805 555 1988 611 eadem
2030 561 2217 614 consti-

301 653 440 706 tutio
481 651 638 720 qestis
663 656 740 704 est
774 651 998 722 publicis
1030 654 1327 722 inserenda,
1364 662 1622 728 quatenus
1655 656 1788 710 sicut
1817 656 1872 710 in
1895 657 2111 721 nostri&
2145 657 2217 711 ita

299 766 510 820 quoque
541 750 595 802 in
615 748 877 820 reqalibus
896 753 1101 808 seriniis
1132 761 1371 810 teneatur
1401 754 1541 827 (loco
1563 753 1686 820 cit.‚
1712 772 1767 828 p.
1789 754 1984 826 1261).
2002 753 2145 810 Sane
2173 755 2219 810 si

309 845 703 902 authenticum
740 847 812 904 sit
837 849 1242 907 documentum
1277 852 1454 920 istud,
1490 851 1698 908 evincit
1733 857 1991 908 sanctum
2018 851 2220 926 Grego-

310 941 459 997 rium
482 942 541 998 in
554 943 764 1018 Regum
785 947 1108 1020 temporalia
1134 948 1240 1004 sibi
1260 954 1592 1023 potestatem
1615 947 1857 1023 aliquam
1883 947 2218 1020 vindicasse,

311 1048 479 1115 prout
520 1048 666 1115 patet
713 1044 923 1112 verbis,
966 1049 1248 1118 potestatis
1292 1048 1602 1119 honorisque
1638 1048 1721 1102 sui
1746 1047 1994 1119 disputate
2019 1055 2218 1102 careat.

312 1140 582 1213 Equidem
625 1161 654 1197 a
686 1143 1054 1217 scriptoribus
1080 1145 1346 1202 Gallicani
1370 1144 1688 1221 systematis
1716 1145 2221 1220 propugnatoribus

307 1238 365 1293 in
398 1238 634 1296 dubium
663 1250 851 1299 vocata
875 1243 984 1300 fuit
1014 1244 1148 1301 dicti
1178 1245 1499 1302 documenti
1526 1244 1939 1302 autlientieitas.
1969 1245 2071 1302 Sed
2099 1263 2219 1301 cer-

307 1345 421 1394 tam
454 1343 764 1416 probarunt
792 1343 885 1399 aiii
915 1343 1141 1400 eruditi.
1181 1345 1321 1411 Imo,
1361 1343 1583 1400 etiamsi
1615 1344 1666 1399 S.
1701 1344 1961 1418 Gregorio
1988 1361 2221 1400 erronee

313 1438 545 1495 affixum
580 1441 802 1508 fuisset,
836 1443 1020 1498 adbuc
1045 1442 1158 1499 vim
1203 1443 1457 1514 haberet,
1507 1443 1577 1499 ob
1610 1443 2002 1517 antiquitatem
2033 1461 2218 1505 suam,

241 1555 244 1559 ’
298 1538 374 1592 ..ad
410 1540 753 1612 probandam
783 1541 848 1596 de
875 1559 983 1615 qua
1010 1541 1232 1614 agimus
1256 1542 1575 1616 generalem
1604 1541 2055 1617 persuasionem.

1046 1847 1296 1908 CAPUT
1366 1847 1473 1907 III

397 1991 672 2028 SANCTUS
704 1992 1071 2027 anmantuus
1103 1993 1154 2027 11
1188 1994 1317 2028 sun
1351 1993 1587 2029 nmmum
1619 1993 1682 2028 ΙΝ
1711 1992 2128 2027 'rssnss’oRAuA

689 2068 1112 2104 PO'I'ESTATEM
1138 2068 1512 2114 vutnlcnvrr,
1538 2068 1696 2103 Ammo
1724 2066 1847 2101 220.

375 2230 452 2285 Ita
476 2230 798 2301 tenendum,
824 2230 871 2286 si
892 2230 1075 2285 dictus
1096 2229 1347 2284 Pontifex
1366 2227 1594 2284 Romam
1615 2227 1943 2301 Italiamque
1966 2245 1997 2283 a
2023 2227 2220 2283 Leonis

301 2329 527 2385 Isaurici
581 2329 902 2385 obedientia
944 2327 1336 2396 substraxerit,
1382 2327 1546 2401 eique
1581 2327 1792 2383 tributa
1832 2326 1891 2382 in
1930 2331 2218 2401 posterum

290 2428 369 2484 ab
400 2427 546 2483 ltalis
576 2428 713 2483 solvi
744 2427 1117 2502 prohibuerit.
1146 2427 1314 2503 Atqui
1347 2428 1453 2483 hoc
1487 2426 1771 2502 peregisse
1806 2431 2066 2482 sanctum
2093 2425 2222 2483 Gre-

301 2525 526 2598 gorium
568 2525 643 2596 ΙΙ,
693 2524 923 2581 omnino
961 2531 1181 2581 certum
1235 2524 1512 2581 evincitur
1555 2523 1922 2598 sequentibus
1968 2523 2219 2580 testimo-

303 2625 412 2682 niis
444 2647 454 2679 :

381 2727 437 2783 1ο
478 2727 851 2782 Testimonium
897 2730 1065 2783 sancti
1102 2727 1450 2802 Theophanis.
1475 2761 1544 2768 —
1571 2725 1697 2782 Fuit
1738 2725 1805 2799 is,
1845 2743 1958 2782 non
1995 2730 2216 2782 tantum

311 2824 552 2899 insignis
595 2826 901 2882 historicus
940 2826 1185 2896 GraecuS,
1228 2832 1283 2883 et
1322 2830 1514 2882 sancto
1540 2824 1800 2898 Gregorio
1853 2824 1897 2878 II
1938 2824 2051 2881 sere
2094 2842 2218 2899 syn-

295 2925 583 2995 chronus,
630 2926 725 2982 sed
771 2926 838 2982 ab
882 2925 1128 2983 Ecclesia
1178 2925 1237 2982 in
1278 2931 1602 2982 sanctorum
1643 2924 1833 2980 album
1879 2923 2214 2998 adscriptuS‚

305 3030 369 3080 -ut
409 3025 600 3082 videre
639 3031 720 3081 est
761 3026 821 3081 in
859 3025 1163 3100 Menelogio
1201 3025 1541 3091 Graecorum,
1587 3023 1655 3078 ad
1701 3023 1848 3079 diem
1891 3022 1960 3077 12
2006 3020 2215 3087 martii,

307 3142 529 3181 necnon
567 3125 715 3199 apud
745 3126 1205 3194 Heinschenium,
1234 3126 1292 3181 in
1319 3127 1448 3181 actis
1480 3131 1778 3179 sanctorum
1803 3120 2053 3194 ejusdem
2083 3119 2214 3176 diei.

307 3221 436 3277 Fuit
469 3221 698 3296 insuper
724 3223 962 3298 insignis
989 3224 1115 3281 fidei
1141 3224 1446 3289 confessor,
1481 3240 1608 3277 cum
1641 3221 1710 3276 ob
1737 3237 1908 3275 suum
1949 3218 2007 3273 in
2036 3218 2220 3274 defen-

295 3319 505 3378 ·dendis
531 3322 705 3378 sacris
732 3323 1079 3396 imaginibus
1098 3324 1303 3392 zelum,
1331 3319 1748 3396 persecutiones
1770 3317 2066 3393 pertulerit
2092 3318 2216 3392 plu-

303 3420 500 3488 rimas,
529 3425 584 3476 et
609 3419 668 3475 in
694 3420 859 3476 exilio
890 3421 1041 3477 diem
1063 3437 1399 3497 supremum
1426 3416 1713 3475 clauserit.
1745 3415 1834 3472 Sic
1860 3434 2024 3491 porro
2050 3419 2217 3493 tantae

302 3519 650 3576 auctoritatis
689 3519 928 3595 scriptor
971 3519 1186 3576 factum
1235 3518 1303 3574 de
1350 3535 1459 3592 quo
1504 3515 1724 3589 agimus
1768 3516 1958 3584 refert,
2011 3514 2070 3569 in
2116 3530 2215 3569 sua

301 3620 733 3694 Clu'onoqraphia
763 3619 954 3695 (editio
979 3619 1153 3694 regia,
1182 3618 1412 3677 Parisiis
1439 3617 1610 3685 1655,
1641 3638 1694 3693 p.
1731 3616 1864 3690 558)
1899 3637 1908 3669 z
1939 3616 2046 3672 Hoc
2077 3631 2214 3671 anno
