2340 3990
355 293 456 379 ι514
1033 329 1334 378 TRACTATUS
1357 331 1431 378 *DE
1459 331 1611 380 PAPA.

365 443 592 496 sanctus
617 437 950 496 Ambrosius
990 437 1179 514 (epist.
1218 440 1400 515 mol),
1437 440 1632 498 dicens
1669 459 1700 498 a
1737 440 1994 516 principe
2023 445 2143 502 fieri
2187 423 2326 521 ‹le-{7

362 539 481 597 beri
509 541 661 611 leges
689 554 819 610 quas
838 540 1047 612 primus
1080 540 1193 612 ipse
1219 540 1502 597 custodiat.
1534 541 1595 596 In
1625 541 1870 599 Ecclesia
1897 546 2079 598 autem
2105 541 2310 620 magis&

361 639 546 696 adhuc
569 635 760 694 nociva
795 636 940 694 foret
973 637 1238 711 frequens
1281 644 1336 696 et
1363 658 1474 697 non
1502 640 1661 698 utilis
1687 659 1718 698 a
1749 642 1997 699 Romano
2022 635 2307 715 Pontifices}

361 755 648 802 canonum,
661 755 763 801 seu
779 737 970 812 legum
989 739 1497 796 ecclesiasticarum
1518 741 1858 817 immutatiO,
1874 749 1934 799 ut
1951 741 2088 798 satis
2107 723 2310 817 patens-¹

361 844 416 897 et
456 838 591 894 hinc
631 845 733 906 est,
765 838 951 913 ipsum
994 840 1174 896 multo
1201 841 1461 915 ‚graviori
1492 842 1830 915 obligatione
1866 843 2177 917 *constringi
2214 831 2340 921 ad-*Z'

360 943 633 1014 perpetuo
659 938 963 996 firmandas
990 944 1044 998 et
1078 938 1138 995 in
1175 958 1274 996 suo
1302 940 1502 1021 robore
1529 941 1848 999 retinendas
1886 942 2173 1018 praedictas
2205 944 2340 1031 le-sffi

361 1056 480 1112 geS,
519 1037 633 1095 sive
680 1057 821 1113 quas
859 1039 978 1113 ipsc
1017 1038 1230 1108 tulerit,
1282 1039 1399 1096 sive
1434 1058 1572 1113 quas
1604 1040 1894 1097 sanxerint
1919 1042 2340 1120 praedecesso-⁵4ss5

361 1156 452 1194 res
481 1137 572 1194 sui
603 1144 699 1194 aut
725 1139 965 1194 concilia
1009 1139 1380 1195 oecumenica.
1415 1139 1666 1196 Peccabit
1694 1150 1832 1214 'ergo
1870 1148 1925 1198 et
1957 1140 2139 1198 officio
2182 1123 2320 1220 suof²

363 1242 615 1315 supremi
658 1241 898 1315 pastoris
943 1242 1141 1307 deerit,
1186 1241 1232 1297 si
1268 1258 1512 1297 canones
1548 1241 1908 1315 disciplinam
1952 1242 2283 1299 mutabilem

362 1339 729 1415 respicientes
748 1346 904 1396 extra
925 1357 1120 1395 casum
1141 1339 1492 1396 necessitatis
1514 1344 1611 1395 aut
1637 1339 1896 1397 utilitatis
1919 1341 2171 1415 abroget,
2190 1344 2287 1396 aut
2310 1379 2315 1381 -

361 1439 407 1495 si
441 1439 580 1514 ipse,
613 1438 709 1511 qui
738 1440 914 1493 forma
941 1439 1125 1511 gregis
1154 1456 1277 1494 esse
1305 1438 1490 1508 debet,
1519 1439 1741 1495 eosdem
1773 1458 1887 1495 non
1920 1447 2116 1498 servet.
2147 1441 2299 1505 Quia*
2323 1463 2327 1483 ³

361 1556 492 1596 vero
511 1539 625 1595 illis
658 1557 770 1594 non
804 1537 1128 1613 subjicitur,
1154 1557 1257 1595 nec
1286 1538 1437 1594 deest
1465 1539 1769 1613 abrogandi
1790 1544 2056 1615 potestaS‚
2081 1541 2286 1598 valebit
2315 1566 2336 1612 ἲ·

362 1639 667 1713 abrogatio.
711 1639 853 1713 Ergo
885 1639 1152 1713 obligatio
1193 1658 1300 1713 qua
1340 1657 1470 1695 vere
1501 1645 1554 1696 et
1591 1639 1650 1696 in
1679 1658 1807 1696 vero
1855 1659 2023 1698 sensu
2063 1648 2288 1699 tenetur
2323 1621 2331 1689 s

361 1739 644 1795 Romanus
661 1738 914 1794 Pontifex
950 1738 1019 1794 ad
1058 1736 1470 1794 observantia-m
1506 1755 1809 1809 canonum,
1841 1737 2165 1795 nullatenus
2192 1739 2286 1795 ob-

363 1844 447 1895 est
473 1837 606 1911 quin
640 1837 746 1911 ipsi
775 1855 902 1894 vere
930 1838 1095 1894 etiam
1126 1843 1404 1913 competat
1433 1834 1676 1912 potestas
1703 1837 1928 1894 eosdem
1958 1838 2287 1896 moderandi

362 1943 524 2012 atque
562 1937 886 2012 abrogandi.
944 1939 1219 1996 Caeterum
1260 1939 1408 1995 idem
1452 1944 1668 1997 servata
1708 1938 2068 2014 proportione
2105 1939 2288 1997 dicen-

363 2038 500 2094 dum
539 2038 608 2095 de
650 2039 908 2114 episcopo
941 2039 1121 2113 quoad
1163 2045 1369 2096 statuta
1413 2038 1663 2095 dioecesis
1690 2044 1806 2094 tum
1836 2039 1904 2094 ab
1929 2022 2069 2113 ipso}
2098 2044 2218 2095 tum
2259 2057 2288 2096 a

366 2138 759 2197 decessoribus
785 2141 1172 2215 proinulgatae3
1199 2159 1322 2214 quae
1351 2139 1565 2196 scilicet
1595 2139 1800 2195 mutari
1831 2139 2029 2213 utique
2054 2143 2290 2214 possunt

365 2236 409 2292 si
446 2243 780 2311 potestatem
817 2238 1186 2311 lcgislativam
1217 2236 1463 2312 Episcopi
1503 2241 1742 2310 spectes,
1774 2241 2100 2292 nontamen
2135 2236 2320 2293 licite

366 2335 742 2393 mutabuntur
764 2338 976 2411 absque
1003 2336 1316 2393 rationabili
1343 2353 1529 2407 causa,
1560 2334 1813 2409 quamvis
1841 2340 1991 2392 certo
2016 2334 2197 2392 valida
2218 2334 2314 2392 sit-

367 2437 623 2492 mutat-io,

441 2537 731 2593 Pnoposmo
760 2538 879 2593 Vlla.
905 2572 975 2580 --
994 2536 1350 2594 Auctoritates
1383 2555 1510 2609 quas
1541 2535 1798 2593 Gallicani
1826 2543 2013 2609 urqent
2041 2543 2290 2609 tanquam
2313 2554 2333 2564 ·’

361 2638 662 2710 praecipuas
701 2639 770 2697 ad
809 2639 1144 2711 probandum
1186 2639 1481 2694 Romanum
1510 2637 1816 2711 Pontificem
1858 2638 2042 2710 subjici
2076 2639 2288 2694 canoni-
2337 2710 2340 2715 1

368 2735 482 2807 bus,
511 2753 605 2791 uec
625 2754 784 2809 posse
811 2738 873 2792 ab
899 2740 1012 2809 ipso
1041 2754 1265 2792 canones
1293 2736 1598 2791 conciliares
1626 2736 1890 2808 abroqari‚
1921 2753 2098 2791 eorum
2123 2738 2291 2790 inten-
2331 2739 2340 2809 j

369 2843 478 2891 tum
518 2854 848 2909 nequaquam
882 2837 1133 2909 probant.
1179 2868 1232 2875 -—
1267 2834 1530 2891 Gallicani
1566 2834 1820 2892 videlicet
1856 2834 2170 2910 systematis
2201 2834 2292 2890 de·

368 2931 624 2989 sensores
668 2950 890 2988 summo
932 2933 1231 2989 verborum
1275 2937 1570 3008 apparatU‚
1605 2939 1658 2989 el
1692 2933 1852 3006 quasi
1892 2933 1960 2989 de
1987 2939 2137 2989 certa
2173 2935 2287 3007 jam
2320 2923 2340 3032 Ξ

367 3034 591 3090 victoria
629 3034 779 3108 freti,
817 3038 1116 3108 sequentes
1142 3038 1320 3090 textus
1346 3033 1407 3089 in
1434 3034 1684 3091 medium
1718 3034 1996 3091 adducere
2026 3034 2243 3090 solent:
2316 3078 2340 3124 ,ε

483 3131 506 3191 ⁰.
543 3132 900 3189 innocentius
935 3131 956 3185 Ι
994 3132 1062 3188 ad
1105 3131 1320 3210 clerum
1352 3129 2028 3206 Constantinopolitanum
2057 3151 2068 3185 ε
2114 3123 2340 3205 Lonqefg-

360 3234 675 3307 praestiterit
715 3234 795 3289 vel
833 3253 896 3290 ea
939 3234 1290 3290 condemnare
1329 3251 1446 3305 quae
1486 3240 1626 3287 recte
1663 3235 1805 3305 facta
1844 3220 1987 3299 suut,
2037 3250 2191 3304 quam
2225 3249 2287 3287 ea
2311 3206 2340 3396 i

365 3334 525 3389 robur
551 3332 715 3387 ullmn
744 3335 926 3388 sortiri
953 3352 1069 3405 quae
1091 3334 1344 3388 adversus
1379 3349 1604 3388 canones
1636 3339 1781 3403 qesta
1807 3340 1951 3388 sunt..
1986 3331 2167 3407 (Apud
2190 3331 2285 3387 So-

369 3450 689 3504 zomenum,
722 3431 919 3502 LVIII,
954 3450 1001 3486 c.
1033 3430 1160 3504 XVI.)
2323 3502 2325 3506 ι

448 3533 504 3588 2⁰
531 3521 806 3589 Professio
831 3529 959 3586 fidei
982 3529 1363 3586 Romanorum
1394 3529 1747 3600 Pontificum,
1766 3529 1926 3604 juxta
1959 3515 2286 3604 antiquissi-

371 3653 519 3690 mam
563 3633 867 3690 formulam
904 3649 1029 3706 quae
1062 3631 1343 3706 reperitur
1381 3631 1441 3687 in
1477 3632 1605 3688 libro
1646 3632 1872 3686 diurno:
1901 3630 2044 3689 Nihil
2079 3631 2143 3687 de
2178 3638 2284 3686 tra·
2320 3652 2331 3711 ζ

373 3734 570 3791 ditione
601 3735 739 3807 quod
777 3751 810 3790 a
836 3732 1222 3806 probatissimis
1250 3732 1726 3804 praedecessoribus
1751 3731 1880 3786 meis
1912 3736 2176 3787 servatum
2198 3736 2282 3784 re·
2326 3721 2331 3724 ⁷
