2340 3990
857 297 988 348 PARS
1014 297 1231 345 OCTAVA.
1903 293 1995 340 405

117 407 264 469 tibus
289 407 579 480 Agathonis
616 404 951 463 sanctissimi
987 409 1042 461 et
1078 400 1383 461 beatissimi
1417 398 1812 475 archiepiscopi
1850 399 1992 456 anti-

39 508 45 551 ἒ
115 518 236 577 quae
252 502 454 567 Romae,
479 506 534 557 et
553 499 779 572 Georgio
801 498 1100 555 venerabili
1126 516 1187 555 ac
1209 498 1559 555 sanctissimo
1582 495 1992 568 archiepiscopo

39 661 44 675 ,
118 616 324 673 magnae
360 596 904 670 Constantinopoleos
936 613 1086 651 novae
1125 595 1381 652 Romae...
1407 616 1435 648 ιι
1467 628 1539 636 -
1571 594 1795 650 Constat
1830 593 1885 648 2⁰
1926 610 1991 650 ex

39 723 42 736 ·
114 695 337 769 antiquo
356 694 497 750 libro
515 693 769 750 Ecclesiae
792 692 1070 757 Romanae,
1096 691 1188 766 qui
1219 693 1344 748 liber
1370 692 1587 748 diurnus
1612 694 1988 763 nuncupatur,

113 798 167 852 et
189 793 248 848 in
278 811 385 866 quo
416 791 619 864 legitur
644 813 654 843 ε
692 791 907 847 Sextum
939 790 1208 846 concilium
1236 790 1492 862 (senerah,
1521 792 1602 846 cni
1622 789 1821 861 Aqatho
1846 788 1992 860 Papa

108 908 203 964 per
223 889 439 961 Leyatos
468 906 589 943 suos
622 895 671 943 et
704 888 1031 960 responsales
1051 890 1283 961 praefuit.
1304 889 1610 944 —Constat
1627 888 1681 943 5⁰
1696 905 1764 943 ex
1785 887 1991 943 Zonara

113 987 206 1062 qui
236 987 383 1043 idem
415 991 647 1042 testatur
670 987 726 1042 in
750 987 855 1041 vita
878 985 1216 1047 Constantini
1242 986 1323 1041 IV.

190 1084 243 1138 V.
274 1085 500 1154 Concilio
530 1085 738 1140 Nicaeno
764 1085 1010 1152 secundo,
1033 1085 1336 1139 oeciimenico
1369 1086 1608 1155 septimO,
1637 1085 1860 1156 praefuit
1893 1082 1997 1138 Ha-

114 1182 329 1237 drianus
368 1182 517 1253 Papa
555 1198 650 1252 per
699 1179 917 1249 Leqatos
952 1195 1094 1240 suos,
1143 1177 1356 1231 Petram
1400 1179 1897 1250 archipresbyterum
1946 1186 1996 1233 et

115 1280 324 1336 Petrum
349 1275 812 1334 abbatem—Nisi
842 1274 993 1330 enim
1019 1273 1108 1329 isti
1138 1273 1315 1345 Legati
1340 1274 1589 1346 praesides
1616 1274 1836 1329 concilii
1863 1275 1996 1330 fuis-

113 1382 252 1441 sent,
293 1376 408 1430 vice
447 1372 723 1437 Hadriani,
772 1390 899 1427 curn
948 1370 1244 1444 episcopali
1298 1370 1562 1444 dignitate
1619 1378 1890 1439 carerent,
1938 1373 1995 1427 in

112 1471 527 1530 enumeratione
560 1471 778 1524 Patrum
822 1487 932 1524 non
965 1468 1130 1542 positi
1168 1468 1405 1524 fuissent
1449 1469 1632 1542 primi,
1673 1477 1838 1543 atque
1874 1476 1999 1529 ante

110 1572 257 1643 ipsos
302 1568 466 1623 ctiam
508 1566 872 1622 Patriarchas.
921 1566 1007 1621 Sic
1050 1584 1246 1639 nempe
1286 1567 1522 1622 habetur
1560 1566 1719 1622 initio
1763 1569 1994 1625 actionis

108 1666 334 1740 primae:
375 1686 401 1716 (ι
424 1663 787 1719 Conveniente
823 1668 1010 1718 sancta
1036 1668 1089 1718 et
1121 1663 1423 1718 universali
1452 1664 1754 1736 synodO...‘,
1798 1664 1853 1719 id
1885 1672 1987 1733 est,

106 1766 259 1820 Petro
286 1763 746 1818 reverendissimo
773 1761 1251 1836 archipresbytero
1287 1762 1648 1818 sanctissimae
1684 1763 1868 1819 Romae
1895 1765 1987 1820 Ec-

105 1861 301 1933 clesiae,
345 1861 550 1916 scilicet
576 1861 817 1934 Apostoli
858 1859 1021 1928 Petri,
1065 1864 1117 1914 et
1151 1860 1305 1915 Petro
1344 1860 1804 1917 reverendissimo
1841 1880 1990 1936 pres·

28 2006 30 2010 ,
104 1957 317 2032 hytero,
338 1958 608 2011 monacho
634 1963 686 2011 et
715 1955 908 2012 abbate
930 1955 1258 2011 venerabilis
1288 1956 1610 2011 monasterii
1637 1955 1816 2013 Sancti
1835 1956 1986 2014 Saba}

24 2072 26 2074 ’
102 2053 284 2109 Romae
314 2053 423 2121 siti,
462 2053 828 2108 retinentibus
860 2053 1042 2108 locum
1080 2052 1402 2125 Apostolicae
1444 2053 1721 2110 Sedis...»
1765 2055 1981 2127 (Labbe,

102 2152 143 2203 t.
177 2147 279 2216 Vll,
307 2148 411 2203 col.
443 2147 535 2212 59,
562 2148 694 2203 edit.
724 2148 966 2214 Parisiis,
1003 2149 1531 2221 -1671.)—1nsuper
1569 2149 1820 2205 Nicolaus
1844 2150 1982 2224 Papa
2060 2223 2069 2233 ι

103 2244 316 2317 scripsit
338 2244 405 2299 ad
427 2245 746 2300 Michaelem
775 2246 1165 2320 imperatorem
1189 2267 1200 2299 t
1234 2247 1392 2314 Quasi
1411 2265 1511 2301 non
1538 2255 1587 2302 et
1614 2251 1713 2320 ipsi
1732 2251 1784 2302 in
1802 2247 1979 2305 Nicaea

102 2342 323 2397 collectae
347 2343 542 2414 synodo
577 2353 756 2398 nostra
782 2345 910 2414 sides
940 2346 1263 2417 praesederit.

172 2439 252 2494 vl.
290 2439 514 2494 Concilio
550 2440 1125 2514 Constantinopolitano
1161 2463 1226 2513 ιν,
1265 2444 1568 2497 oecnmenico
1600 2449 1796 2514 octav0,
1838 2461 1978 2515 prae-

97 2537 195 2608 suit
219 2538 480 2593 Adrianus
518 2541 771 2594 secandus
794 2559 890 2612 per
913 2541 1126 2611 Leqatos
1151 2559 1293 2596 suos,
1319 2574 1384 2581 —
1407 2540 1630 2595 Actione
1664 2540 1863 2612 prima,
1888 2559 1976 2595 ro-

92 2635 203 2707 gati
228 2643 355 2691 sunt
373 2637 463 2692 isti
489 2637 662 2710 Legati
687 2638 944 2694 exhibere
969 2639 1288 2693 mandatum
1313 2639 1467 2712 Papae
1485 2656 1583 2712 pro
1602 2638 1973 2712 praesidentia3

96 2737 150 2787 et
173 2733 457 2804 jusserunt
482 2735 587 2807 legi
614 2735 823 2791 litteras
848 2736 1069 2791 Adriani
1095 2735 1162 2790 ad
1188 2736 1577 2808 imperatorem
1600 2736 1887 2806 Basilium,
1919 2737 1975 2790 in

92 2830 293 2901 quibus
329 2830 407 2885 sic
442 2831 728 2886 dicebatur
758 2853 768 2885 :
821 2852 847 2883 «
877 2831 1141 2886 Volumus
1173 2850 1272 2904 per
1309 2836 1498 2886 vestrae
1526 2831 1745 2904 pietatis
1787 2831 1975 2886 indus-

92 2925 247 2981 triam
279 2926 390 2981 illic
416 2945 779 2983 numerosum
807 2927 1074 2984 celebrari
1102 2929 1423 2994 concilium,
1458 2931 1536 2983 cni
1555 2931 1718 2983 nostri
1753 2946 1973 3002 quoque.

93 3024 232 3076 missi
271 3023 627 3094 praesidentes,
659 3041 863 3096 >nempe
907 3023 1142 3078 Donatus
1185 3029 1238 3079 et
1271 3024 1580 3097 Stephanus
1624 3022 1881 3098 Episcopi
1919 3031 1972 3079 et

91 3116 329 3175 Marinus
352 3121 683 3178 diaconuS...
707 3144 733 3174 »
763 3123 825 3177 Et
847 3122 904 3176 in
929 3121 1141 3177 actione
1160 3122 1396 3191 decima,
1421 3122 1499 3178 sic
1523 3141 1581 3178 se
1599 3122 1763 3178 habet
1787 3122 1967 3196 prima

92 3214 420 3290 subscriptio
453 3241 462 3271 :
496 3219 600 3291 Eyo
622 3218 876 3285 Donatus,
902 3219 998 3274 Dei
1022 3222 1191 3290 qratia
1213 3220 1495 3292 Episcopus
1521 3219 1772 3276 Ostiensis
1800 3222 1967 3274 locum

31 3324 34 3349 ³
92 3312 320 3369 obtinens
358 3315 579 3371 Adriani
623 3318 928 3373 universalis
969 3318 1151 3390 Papae,
1197 3320 1313 3374 hnic
1348 3326 1543 3373 sancta?
1593 3324 1642 3371 et
1687 3315 1966 3370 universali

89 3412 280 3480 synodo
320 3415 630 3484 praesidens,
662 3418 834 3469 omnia
866 3432 982 3486 quae
1012 3420 1252 3487 superius
1290 3417 1528 3489 lequntar
1556 3413 1880 3485 promulgavi
1914 3422 1962 3467 et

89 3521 241 3562 manu
270 3512 488 3582 propria
520 3512 816 3582 subscripsi.

162 3602 328 3676 Igitur
352 3623 415 3661 ex
446 3611 565 3662 octo
597 3606 791 3680 primis
812 3608 1161 3680 generalibus
1185 3609 1428 3685 synodiS,
1456 3626 1547 3665 sex
1582 3606 1954 3680 reperiuntur,
