2340 3990
884 275 1014 323 PARS
1042 275 1262 330 QUARTA.
1925 269 2012 316 295

141 389 337 450 teriora
380 393 704 465 repugnant.
739 418 810 428 —
843 384 1176 461 Supremum
1218 383 1370 440 istud
1403 379 1678 456 judicium
1719 396 1832 435 non
1862 397 2008 437 com·

139 485 291 545 misit
314 487 453 543 Deus
479 485 731 562 potestati
757 483 927 540 civili.
947 482 1227 557 Alioquin,
1248 482 1350 538 hoc
1370 480 1498 554 jure
1524 477 1729 547 innixa,
1753 477 2011 551 quaelibet

134 590 396 643 attentata
414 603 535 652 sua,
559 581 912 657 quantumvis
934 581 1218 643 catholicae
1239 579 1367 636 fidei
1389 596 1451 635 ac
1477 577 1674 634 salutis
1695 576 2011 634 animarum

136 681 471 751 subversiva‚
512 678 874 755 praetenderet
910 677 1007 732 fini
1045 677 1299 734 Ecclesiae
1333 693 1681 752 nequaquam
1709 675 2012 747 adversari,

42 844 45 846 ,
134 789 299 855 atque
333 781 388 837 id
423 793 680 853 supremo
723 794 823 831 suo
863 775 1073 850 judicio
1116 775 1387 832 definiret.
1434 774 1668 831 Proinde
1704 774 1883 831 civilis
1921 793 2014 849 po·

135 883 298 935 testas
330 894 455 933 cum
479 853 590 930 ⁴ista
622 873 871 948 supremi
903 874 1102 946 judicii
1145 873 1519 947 praerogativa,
1566 892 1677 930 non
1719 878 1861 930 esset
1898 890 2028 929 me-.

131 973 286 1029 dium
309 973 378 1028 ad
406 972 572 1027 finem
613 971 888 1038 Ecclesiae,
927 972 1022 1027 sed
1048 971 1538 1046 impedimentum.
1570 970 1704 1026 Cum
1746 989 1875 1044 ergo
1899 988 2013 1028 cer-

130 1075 249 1127 tum
288 1071 360 1125 sit
396 1087 517 1126 eam
554 1087 583 1124 a
611 1070 716 1125 Deo
752 1069 1109 1125 constitutam
1147 1068 1317 1125 fuisse
1356 1075 1623 1141 tanquam
1662 1069 1909 1125 medium
1947 1070 2015 1126 ad

29 1204 37 1223 .·
128 1167 293 1224 finem
335 1168 607 1235 Ecclesiae,
649 1172 860 1222 certum
902 1167 1112 1240 pariter
1151 1172 1253 1234 est,
1300 1167 1348 1222 ei
1384 1167 1639 1221 collatam
1690 1184 1800 1222 non
1844 1168 2015 1224 fuisse

130 1264 256 1320 dicti
293 1264 534 1337 supremi
556 1263 753 1336 judicii
787 1263 1224 1338 praerogativam.
1244 1263 1512 1336 ——Neque
1539 1263 1735 1318 collata
1765 1270 1848 1318 est
1876 1282 2013 1337 prae·

30 1396 34 1402 ·
126 1361 360 1435 rogativa
398 1363 514 1417 haec
538 1361 694 1416 alteri
731 1363 990 1417 humanae
1026 1362 1307 1435 potestati;
1343 1361 1473 1434 quia
1501 1366 1701 1435 praeter
1725 1362 2011 1419 ecclesias-

109 1452 286 1521 'ticam
309 1466 362 1516 et
387 1460 602 1516 civilem
627 1479 739 1515 non
765 1467 846 1516 est
867 1461 973 1516 alia
999 1461 1056 1515 in
1084 1460 1248 1517 terris
1276 1461 1515 1516 humana
1540 1467 1802 1535 potestaS.
1822 1462 2010 1519 —Sed

126 1574 303 1630 neque
328 1556 548 1612 admitti
592 1562 767 1629 potest
806 1532 1150 1632 hypothesiS,
1187 1555 1333 1628 quod
1367 1555 1501 1611 dicti
1537 1557 1786 1631 supremi
1810 1558 2008 1630 judicii

125 1653 475 1726 praerogat'lva
511 1653 746 1720 nemini,
779 1653 834 1707 id
865 1659 967 1720 est,
1011 1669 1190 1724 neque
1216 1652 1461 1708 societati
1496 1652 1647 1708 civili
1690 1671 1871 1726 neque
1911 1653 2007 1709 Ec-

127 1751 321 1816 clesiae,
349 1770 378 1806 a
408 1752 512 1807 Deo
539 1733 836 1807 commissa
869 1751 960 1806 sit.
997 1751 1132 1804 Nam
1169 1751 1214 1806 si
1249 1751 1441 1806 nullus
1466 1757 1674 1806 extaret
1708 1770 2001 1824 supremus

50 1835 54 1839 ’
118 1849 285 1923 judex
321 1851 548 1922 hujusce
587 1850 925 1923 quaestionis,
970 1867 1039 1903 an
1084 1850 1370 1922 potestatis
1410 1849 1588 1905 civilis
1631 1850 1825 1921 agendi
1865 1850 2001 1905 ratio

120 1945 213 2001 fini
239 1947 488 2002 Ecclesiae
520 1948 859 2014 adversetur,
893 1954 1074 2020 posset
1103 1946 1276 2001 civilis
1314 1952 1550 2020 potestas
1591 1946 1845 2019 quaelibet
1875 1947 1999 2002 fidei

119 2043 173 2101 et
202 2046 391 2102 salutis
418 2047 731 2102 animarum
770 2046 1086 2102 subversiva
1125 2051 1413 2115 attentare,
1456 2045 1737 2117 simulque
1770 2052 2001 2118 praeten-

118 2142 243 2199 dere
288 2144 372 2200 his
409 2162 756 2220 nequaquam
796 2145 1091 2220 praepediri
1135 2143 1387 2200 Ecclesiae
1427 2144 1613 2199 finem.
1661 2142 1881 2199 Scilicet
1918 2163 2001 2199 er-

14 2253 18 2292 ÷
117 2247 289 2297 rasset
323 2243 485 2309 DeuS,
520 2244 615 2316 qui
656 2243 972 2300 societatem
1009 2243 1226 2299 civilem
1252 2242 1593 2298 instituendo
1620 2247 1683 2297 ut
1715 2250 1856 2298 esset
1888 2261 2000 2298 me-

117 2335 289 2402 dium,
314 2356 434 2393 eam
459 2357 487 2395 e
514 2346 703 2395 contra
726 2339 1103 2396 constituisset
1134 2340 1614 2414 impedimentum.
1638 2373 1706 2380 -
1732 2339 1999 2396 Remanct

118 2433 324 2491 dictum
350 2455 672 2510 supremum
712 2440 984 2511 judicium
1015 2457 1182 2512 penes
1209 2439 1504 2494 Ecclesiam
1539 2457 1568 2493 a
1595 2440 1704 2494 Deo
1730 2438 1992 2512 positum.

114 2533 432 2607 —lnsuper
456 2536 523 2590 ad
561 2536 857 2592 Ecclesiam
899 2537 1138 2610 pertinet
1165 2556 1488 2611 supremum
1521 2538 1587 2592 de
1625 2538 1878 2610 dogmate
1910 2539 1998 2611 ju-

115 2629 342 2686 dicium.
377 2633 539 2705 Atqui
583 2635 696 2689 haec
731 2634 981 2708 quaestiO,
1018 2655 1084 2691 αη
1124 2637 1243 2691 talis
1274 2637 1455 2691 modus
1496 2638 1681 2710 aqendi
1722 2638 1999 2710 potestatis

116 2727 274 2780 civilis
308 2730 460 2798 finem
501 2730 740 2785 Ecclesiae
768 2735 1038 2803 proprium
1064 2733 1332 2804 impediat,
1375 2732 1681 2806 dogmatica
1719 2739 1822 2788 est.
1859 2733 1994 2804 Ergo

115 2822 233 2895 ejus
258 2823 454 2879 solutio
479 2826 545 2880 ad
571 2827 865 2883 Ecclesiam
890 2829 1145 2901 pertinet.

192 2919 424 2991 objicies,
447 2923 688 2978 -Sicut
711 2930 944 2996 potestas
976 2925 1152 2979 civilis
1181 2925 1317 2980 falso
1354 2926 1694 2998 praetendere
1726 2933 1904 3000 potest
1938 2945 1996 2983 se

114 3016 365 3073 Ecclesiae
391 3019 485 3073 fini
525 3039 636 3075 non
669 3020 884 3092 obesse,
914 3021 987 3076 ita
1017 3021 1257 3077 Ecclesia
1292 3022 1428 3078 falso
1455 3024 1794 3097 praetendere
1820 3031 1998 3098 potest

117 3129 175 3167 se
199 3113 319 3168 laedi
350 3132 379 3169 a
406 3120 669 3189 potestate
703 3116 866 3172 civili.

191 3209 510 3282 Respondeo.
533 3246 599 3253 —
622 3213 817 3268 Errare
845 3213 1064 3287 quidem
1094 3221 1273 3289 potest
1296 3216 1477 3272 civilis
1504 3219 1797 3275 auctoritas
1820 3221 1996 3292 quoad

116 3305 316 3362 dictam
354 3310 730 3381 quaestionem.
771 3313 889 3367 Non
926 3319 1110 3369 autem
1153 3315 1407 3383 Ecclesia,
1448 3316 1575 3389 quia
1618 3317 1848 3388 quaestio
1884 3317 1996 3371 hzec

117 3402 183 3457 ad
211 3403 406 3475 dogma
446 3407 712 3478 pertinet,
753 3417 806 3466 et
833 3418 979 3466 certa
1008 3420 1088 3468 est
1123 3413 1374 3470 Ecclesiae
1415 3414 1713 3470 inerrantia
1771 3415 1828 3468 in
1867 3414 1993 3468 defi·

118 3497 319 3553 niendo
347 3502 616 3573 dogmate.
636 3506 764 3569 Quae
796 3508 1184 3581 infallibilitas,
1229 3519 1426 3584 praeter
1449 3511 1554 3566 alia
1585 3510 1994 3583 quamplurima

121 3593 325 3664 quibus
369 3596 564 3653 nititur
601 3609 945 3672 argumenta,
992 3604 1119 3663 inde
1162 3607 1331 3664 etiam
1377 3607 1559 3679 colligi
1603 3612 1811 3679 potest,
1846 3609 1992 3679 quod
