2340 3990
867 306 998 353 PARS
1026 306 1216 352 OCTAVA
1226 340 1237 352 .
1911 303 2002 350 425

106 435 253 477 casu
279 424 362 474 est
392 416 583 489 regula
614 413 763 486 fidei,
800 395 1171 470 abstrahendo
1207 429 1238 467 a
1272 410 1552 468 Pontificis
1581 411 1996 485 approbatione,

117 522 181 573 ut
206 516 498 591 probatum
531 519 632 569 est.

191 615 247 669 8⁰
283 611 652 668 Confirmatur
681 610 875 666 eadem
903 608 1207 684 propositio
1233 608 1338 676 1v²‚
1381 626 1448 664 ex
1474 625 1538 665 eo
1574 607 1724 682 quod
1749 608 1995 664 adversa-

115 709 187 766 rii
226 727 340 765 non
380 714 579 781 negent
612 725 792 781 neque
830 724 1029 779 negare
1067 707 1301 781 possint,
1337 707 1652 762 controverti
1679 705 1784 760 boc
1813 704 2000 778 ipsum

116 805 263 879 quod
293 805 586 874 sustinent,
611 803 866 883 videlicet
893 803 1113 860 concilii
1146 803 1548 867 definitionem,
1575 802 1634 856 in
1660 801 1807 857 dicto
1843 818 1999 870 casn,

114 908 242 959 ante
274 902 556 958 obtentam
585 919 614 955 a
635 900 775 974 Papa
804 899 1285 955 confirmationem
1309 917 1420 953 esse
1444 898 1675 968 reyulam
1700 897 1844 967 fidei.
1867 897 2003 951 Nam

112 999 257 1074 quod
296 1000 442 1055 inter
477 1000 728 1064 doctores
760 997 1060 1054 catholicos
1092 997 1241 1053 licite
1265 996 1712 1059 controvertitur,
1744 997 1846 1052 boc
1880 995 2000 1069 ipso

111 1113 223 1151 non
256 1102 335 1152 est
368 1114 469 1152 nec
493 1115 610 1152 esse
642 1101 821 1170 potest
845 1095 1037 1167 regula
1066 1095 1214 1150 fidei.

188 1195 404 1266 Objieies
433 1196 509 1251 1⁰.
531 1172 814 1265 -Agitur
851 1193 919 1246 de
947 1192 1182 1247 concilio
1215 1192 1483 1262 generali,
1518 1192 1765 1262 legitime
1802 1208 2000 1246 convo-

111 1299 230 1349 cato
262 1299 315 1348 et
346 1289 773 1365 praesidentibus
798 1288 952 1362 Papae
977 1287 1186 1360 Legatis
1219 1287 1512 1342 celebrato,
1542 1287 1781 1342 Aliunde
1811 1293 1999 1342 autem

111 1395 326 1445 certum
367 1395 450 1442 est
493 1405 591 1460 per
636 1386 890 1458 generale
928 1384 1227 1439 concilium
1269 1384 1655 1455 repraesentari
1695 1385 1998 1439 Ecclesiam

112 1485 451 1553 universam,
483 1488 646 1556 prout
684 1481 929 1538 definivit
966 1481 1232 1536 Martinus
1270 1480 1309 1534 V
1343 1480 1402 1535 in
1439 1481 1843 1536 Constantiensi
1873 1499 2000 1536 con·

112 1581 259 1637 cilio.
312 1582 477 1635 Porro
515 1585 782 1652 repugnat
822 1578 950 1634 fidei
995 1578 1244 1651 regulam
1289 1596 1400 1633 non
1445 1595 1566 1634 esse
1611 1578 1993 1634 definitionem

110 1677 352 1742 concilii,
380 1695 407 1731 a
443 1695 551 1749 quo
578 1676 907 1732 universalis
935 1660 1177 1732 Ecclesia
1203 1681 1652 1749 repraesentatur.

184 1776 512 1847 Respondeo.
541 1808 609 1816 —
632 1774 918 1847 Distinguo
946 1796 957 1828 :
1012 1781 1284 1848 repugnat
1309 1774 1687 1830 definitionem
1714 1773 1841 1830 talis
1867 1793 1996 1830 con-

108 1872 221 1929 cilii
251 1890 363 1928 non
387 1889 507 1927 esse
539 1871 789 1943 regulam
816 1870 963 1936 fidei,
1003 1870 1051 1925 si
1083 1870 1201 1942 (per
1227 1868 1587 1941 impossibile)
1618 1868 1866 1924 definitio
1892 1868 1993 1924 ista

109 1975 251 2027 esset
281 1969 536 2024 absoluta
568 1975 620 2023 et
651 1967 872 2041 proprie
895 1967 1060 2031 dieta,
1086 1963 1349 2022 concedo·
1387 1966 1441 2020 Si
1473 1965 1719 2021 definitio
1748 1966 1854 2020 ista
1886 1984 1995 2021 non

109 2067 234 2123 talis
257 2066 479 2139 proprie
507 2065 578 2121 sit
602 2065 698 2120 sed
724 2064 1011 2119 dumtaxat
1032 2064 1308 2129 inchoata,
1336 2070 1388 2118 et
1415 2080 1512 2135 per
1536 2062 1875 2118 Pontificiam
1903 2083 1994 2138 ap-

104 2163 487 2238 probationem
512 2162 858 2235 complenda,
884 2180 1043 2234 nego.
1071 2162 1246 2234 Igitur
1273 2157 1330 2216 id
1360 2160 1685 2233 objicientes
1713 2168 1898 2217 errant
1925 2180 1991 2217 ex

105 2259 242 2315 falso
285 2260 589 2334 supposito.
632 2259 962 2332 Supponunt
1000 2259 1205 2331 quippe
1244 2258 1562 2330 contingere
1594 2277 1755 2332 posse
1789 2265 1850 2314 ut
1884 2243 1992 2316 tale

103 2356 401 2427 concilium
442 2361 744 2430 praesumat
784 2355 1225 2429 independenter
1258 2373 1287 2410 a
1316 2354 1459 2429 Papa
1490 2355 1752 2426 definitive
1782 2357 1848 2411 de
1885 2357 1991 2412 fide

103 2457 198 2506 aut
223 2452 473 2508 moribus
497 2453 812 2509 decernere.
850 2453 958 2508 Hoc
991 2458 1176 2509 autem
1205 2453 1523 2525 contingere
1549 2453 1867 2510 nullatenus
1901 2471 1991 2528 po-

100 2553 227 2615 test,
264 2550 492 2622 praecise
525 2551 653 2622 quia
681 2552 786 2607 tale
816 2551 1141 2619 concilium,
1175 2550 1231 2606 id
1260 2549 1671 2624 praesumendO,
1711 2551 1778 2605 ab
1808 2552 1989 2608 Eccle-

100 2645 192 2700 siae
222 2647 399 2719 capite
429 2653 605 2702 totum
632 2648 911 2720 reliquum
935 2666 1138 2721 corpus
1164 2647 1532 2713 abscinderet,
1564 2647 1755 2719 sicque
1783 2648 1986 2703 Christi

99 2742 398 2800 Ecclesiam
421 2746 736 2818 perimeret3
772 2747 920 2820 quod
945 2765 1014 2803 ne
1041 2747 1323 2819 contingat
1356 2746 1558 2801 divinae
1586 2746 1984 2818 promissiones

101 2855 319 2912 semper
346 2839 662 2895 obstabunt.
707 2876 710 2877 ν

174 2936 390 3007 Objicies
424 2938 499 2991 2⁰.
521 2937 735 2992 —Tale
764 2936 1088 3005 concilium,
1119 2941 1306 3010 utpote
1333 2936 1488 2991 omni
1517 2954 1583 2991 ex
1617 2941 1771 3010 parte
1805 2937 1984 3009 legiti-

98 3052 275 3100 mum,
313 3034 422 3089 dici
465 3039 645 3107 potest
677 3033 734 3087 in
766 3033 974 3107 Spiritu
1016 3039 1204 3089 sancto
1247 3039 1667 3106 congregatum,
1714 3033 1987 3107 habetque

98 3131 333 3206 Spiritus
353 3132 527 3187 sancti
554 3131 950 3199 assistentiam,
982 3137 1044 3186 ut
1071 3116 1364 3186 adeo-cum
1392 3131 1623 3187 veritate
1656 3131 1870 3204 possint
1893 3131 1984 3186 Pa-

101 3233 210 3285 tres
236 3229 547 3285 definiendo
574 3229 755 3285 dicere
782 3231 945 3283 vismn
973 3236 1050 3283 est
1085 3227 1303 3299 Spiritui
1331 3236 1512 3284 sancto
1540 3237 1588 3284 et
1614 3230 1776 3283 nobis,
1813 3228 1978 3283 Porro

99 3325 372 3381 absonum
405 3331 485 3381 est
511 3326 761 3398 regulam
787 3325 915 3381 fidei
943 3343 1053 3381 non
1079 3343 1219 3396 esse,
1255 3325 1310 3380 id
1343 3326 1491 3398 quod
1526 3325 1758 3398 Spiritui
1789 3330 1978 3381 sancto

90 3413 275 3477 'risum
305 3421 430 3478 fuit.
477 3482 483 3488 ,

171 3518 474 3591 Respondeo
510 3539 525 3570 .·
559 3518 787 3575 Praecise
819 3520 950 3592 quia
986 3518 1162 3575 sancti
1201 3518 1439 3594 Spiritus
1479 3517 1856 3575 assistentiam
1890 3516 1980 3573 ha-

99 3612 190 3670 bet
216 3617 326 3673 tale
362 3616 686 3687 concilium,
722 3617 1042 3690 contingere
1074 3636 1184 3674 non
1210 3624 1388 3692 potest
1414 3623 1474 3674 ut
1505 3622 1826 3692 praesumat,
1859 3615 1977 3672 sine
