2352 4126
945 320 1074 368 PARS
1107 322 1329 376 QUARTA.
2055 336 2085 382 3

267 420 441 494 Igitur
465 422 830 481 diversimode
854 425 1079 497 quidem
1107 435 1431 505 potestatem
1466 433 1622 508 Papae
1646 435 1706 491 in
1749 442 2074 515 temporalia
2119 465 2127 478 ¹

193 522 439 573 statuum
467 520 714 577 doctores
738 521 991 578 catholici
1016 524 1423 596 intellexerunt,
1460 537 1514 587 et
1546 532 1635 587 alii
1675 534 1926 594 directam
1951 558 2078 613 pro-

189 622 592 687 pugnaverunt‚
619 618 922 674 indirectam
951 620 1076 686 alii;
1106 628 1162 678 at
1192 624 1319 682 licet
1349 627 1698 702 disputantes
1724 628 1792 719 de
1821 637 2073 707 qualitate

190 711 424 784 hujusce
463 713 768 787 potestatis,
805 713 987 789 ipsam
1031 724 1216 776 tamen
1257 729 1586 796 potestatem
1621 733 1907 789 communi
1951 753 2076 792 sen-

188 810 362 865 tentia
406 815 468 865 ut
517 810 742 866 omnino
802 818 1010 869 certam
1063 816 1395 893 docuerunt,
1453 834 1619 898 prout
1668 847 1792 886 mox
1841 835 2066 906 patebit.

186 905 418 963 Proinde
460 908 806 981 apertissimo
851 911 1194 985 sophismate
1249 927 1530 991 nugantur
1579 925 1844 984 Gallicani
1903 937 2073 1006 syste-

187 1003 352 1058 matis
374 1019 656 1076 sequaceS,
693 1005 911 1078 quando
937 1007 1019 1064 sic
1057 1019 1299 1083 arguunt
1328 1035 1338 1066 ε
1370 1015 1530 1072 Dictae
1557 1029 1839 1091 potestatis
1876 1046 2072 1101 propa-

185 1102 584 1171 9natoresinter
605 1120 662 1156 se
688 1104 976 1176 disputant,
1002 1107 1198 1164 directa
1222 1129 1289 1166 ne
1310 1114 1378 1167 sit
1407 1133 1475 1169 an
1499 1117 1773 1184 indirecta;
1801 1141 1919 1197 erqo
1943 1127 2074 1182 nihil

176 1198 365 1268 probat
408 1215 585 1253 eoram
616 1204 917 1258 auctoritas.
943 1204 1233 1279 Disputant
1257 1212 1436 1283 quoad
1469 1216 1720 1286 modum,
1754 1237 1865 1275 non
1891 1225 2069 1294 quoad

180 1309 320 1358 rem;
367 1312 429 1349 ac
466 1296 715 1368 proinde,
764 1301 945 1373 quoad
986 1320 1130 1373 rem,
1173 1312 1287 1362 tota
1330 1314 1437 1365 stat
1478 1312 1727 1386 ipsorum
1768 1324 2063 1378 consensui

177 1392 491 1449 auctoritas
544 1395 697 1452 Dicto
739 1399 1095 1472 sophismate,
1145 1403 1291 1460 inter
1332 1407 1492 1478 alios,
1536 1430 1673 1468 usus
1714 1420 1795 1470 est
1848 1418 2064 1475 hetero-

179 1486 353 1544 doxus
378 1489 679 1558 BarclaiuS,
725 1495 820 1567 qui
865 1496 945 1552 sic
984 1516 1015 1553 a
1055 1498 1388 1560 Bellarmino
1429 1510 1828 1583 perstringitur
1859 1537 1869 1568 :
1899 1515 2061 1572 Licuit

177 1586 441 1642 catholicis
461 1591 795 1661 scriptoribus
824 1597 909 1666 qui
935 1600 1264 1654 consentiant
1291 1603 1344 1656 in
1383 1622 1458 1670 re,
1490 1606 1758 1679 disputare
1784 1612 1847 1666 cle
1872 1615 2023 1669 morlo
2049 1638 2065 1667 .-

178 1701 280 1739 non
322 1684 462 1740 licuit
487 1686 725 1743 Barclaio
751 1692 999 1748 adversus
1041 1713 1218 1752 omnes
1261 1701 1392 1756 alios
1433 1707 1733 1777 scriptores,
1785 1718 1936 1783 atque
1976 1715 2067 1768 acl-

181 1798 356 1836 versus
391 1802 590 1840 omnem
621 1790 950 1846 conciliorum
975 1796 1135 1850 etiam
1159 1801 1478 1868 qeneraliam
1501 1810 1833 1876 sententiam,
1871 1830 2066 1883 neyare

185 1880 391 1932 omnino
427 1888 738 1950 potestatem
774 1892 960 1943 summi
986 1896 1245 1965 pontificis
1284 1899 1336 1951 in
1375 1905 1763 1973 temporalibus
1809 1907 2066 1974 Quemad-

181 1976 391 2030 modum
421 1978 564 2033 licuit
588 1988 637 2034 et
678 1982 796 2038 licet
827 1986 1143 2044 scholasticis
1178 1993 1491 2067 doctoribus,
1538 2005 1620 2071 qai
1661 2008 1969 2076 confitentur
2004 2013 2054 2063 in

181 2070 290 2125 Deo
323 2075 572 2130 unitatem
613 2083 844 2135 essentiae
876 2101 989 2138 cum
1018 2089 1253 2144 trinitate
1284 2110 1645 2164 personarum,
1675 2104 1841 2158 malta
1882 2107 2057 2180 dispa-

185 2170 300 2219 tare
332 2167 397 2231 cle
424 2171 684 2226 attributis
710 2180 949 2232 essentiae
985 2181 1174 2237 divinae
1202 2194 1250 2239 et
1275 2206 1622 2259 personarum
1656 2203 2019 2258 constitutione
2046 2226 2062 2255 .-

181 2262 274 2315 secl
299 2281 403 2318 non
443 2265 583 2321 licuit
623 2271 820 2326 arianis
854 2277 1111 2332 veteribus
1145 2288 1196 2334 et
1226 2286 1395 2353 novis,
1422 2291 1501 2342 vel
1526 2298 1776 2350 essentias
1804 2298 1898 2351 Dei
1932 2303 2057 2354 scri·

182 2357 344 2412 hendo
370 2362 735 2435 multiplicare,
759 2369 838 2422 vel
864 2372 1145 2430 trinitatem
1171 2381 1506 2451 conscindere.
1535 2388 1664 2442 Pari
1692 2394 1894 2448 ration-e.
1920 2397 2061 2466 licuit

183 2461 230 2507 et
260 2454 375 2510 licet
417 2461 679 2517 catholicis
707 2464 1021 2535 doctoribus,
1058 2490 1143 2543 qut
1178 2482 1507 2536 consentiant
1532 2485 1596 2539 cle
1625 2489 1917 2545 substantia
1943 2511 2059 2564 sep—

183 2556 283 2605 tem
314 2568 776 2633 sacramentorum,
807 2566 1074 2639 disputare
1117 2573 1180 2626 de
1220 2577 1396 2632 multis
1444 2599 1559 2652 qaae
1598 2586 1667 2639 ad
1703 2589 1824 2658 fidei
1869 2593 2061 2662 fanda-

179 2657 354 2705 menta
386 2671 489 2708 non
516 2663 781 2728 pertinent
807 2682 824 2713 .-
851 2681 957 2718 non
993 2674 1163 2723 tamen
1193 2670 1310 2728 licet
1330 2693 1422 2730 nec
1457 2679 1602 2735 licuit
1636 2689 1871 2741 sectariis
1899 2688 2060 2744 lathe-

180 2751 325 2802 ranis
366 2758 414 2804 et
456 2754 735 2813 calvinistis
782 2768 885 2815 tam
919 2766 1081 2820 multa
1127 2772 1348 2828 scribere
1399 2786 1581 2834 contra
1624 2784 1965 2841 substantiam
2009 2796 2060 2843 et

178 2859 443 2901 numeram
482 2863 960 2915 sacramentorum:
992 2866 1129 2934 qaod
1161 2868 1298 2923 idem
1339 2872 1401 2926 de
1433 2874 1552 2929 aliis
1574 2879 1698 2948 fidei
1735 2881 2056 2953 dogmatibus

179 2939 279 2994 dici
315 2953 508 3014 potest.
559 2950 773 3021 (Contra
809 2955 1008 3024 Barcl.‚
1054 2980 1172 3037 cap.
1221 2986 1256 3031 1,
1305 2970 1435 3026 edit.
1474 2972 1663 3031 Venet.
1708 2980 1874 3051 1721,
1916 2988 1955 3037 t.
1995 2985 2056 3053 V,

176 3052 231 3109 p.
262 3038 379 3112 52.)

250 3133 526 3196 Pnorosmo
553 3143 657 3200 111³.
678 3178 747 3186 —
770 3147 835 3205 Ut
859 3169 1104 3210 erroneas
1115 3161 1365 3230 probetur
1384 3168 1584 3236 primas
1614 3189 1642 3225 e
1673 3182 1891 3243 quatuor
1919 3179 2020 3230 arti
2030 3208 2047 3215 ·

179 3231 302 3286 culis
317 3234 590 3303 yallicanis
616 3246 740 3298 anni
761 3246 928 3313 1682,
957 3255 1089 3307 satis
1113 3265 1188 3311 est
1212 3268 1404 3316 certam
1423 3267 1638 3335 probari
1663 3269 1885 3327 Romani
1912 3274 2049 3328 Pon-

182 3323 326 3391 tificis
353 3338 662 3398 potestatem
698 3339 753 3392 in
794 3358 902 3397 rem
946 3352 1284 3420 temporalem
1318 3364 1569 3431 statuam,
1612 3382 1717 3420 non
1749 3377 1919 3422 autem
1961 3387 2049 3422 ne-

181 3509 238 3564 in
292 3513 435 3572 dicto
481 3525 712 3583 articulo
767 3531 846 3587 sic
890 3543 1324 3608 pronuntiarunt
1381 3550 1631 3630 Episcopi
1694 3559 2043 3614 comitiorum

179 3609 307 3663 anni
349 3610 529 3670 1682:
581 3624 756 3682 «Haec
794 3633 1088 3693 sancienda
1128 3647 1183 3697 et
1219 3642 1545 3708 declaranda
1584 3670 1705 3710 esse
1744 3655 2041 3711 duximus:
