2340 3990
882 280 1015 329 PARS
1043 278 1260 327 OCTAVA.
1922 277 2008 325 591

139 402 332 448 eorum
358 393 666 463 temporum
695 385 967 444 illibatam
989 385 1250 455 tidem...‚
1280 388 1334 441 et
1358 381 1662 441 secundum
1685 381 2013 439 destinatam

141 484 406 560 syllabam
437 502 467 540 a
492 489 578 561 ter
603 482 764 540 Beato
787 487 842 539 et
867 482 1172 556 Apostolico
1197 481 1335 556 Papa
1357 480 1673 536 Hadriano..
1687 521 1727 549 .,
1754 479 2017 536 confiteor

138 587 194 638 et
224 581 408 651 credo,
443 586 497 637 et
532 581 700 637 adoro
737 596 919 636 sacras
960 579 1248 652 imagines.
1292 578 1392 635 Eos
1426 582 1611 635 autem
1655 576 1751 652 qui
1789 594 1901 633 non
1943 578 2017 634 ita

142 660 385 736 sentiunt
414 676 826 734 anathematizo.
857 676 1150 750 Gregorius
1185 676 1681 732 reverendissimus
1717 678 2023 734 monachus

107 764 110 766 Ὗ
141 781 194 833 et
220 776 566 848 Hegumenus
592 775 771 830 sancti
797 772 971 847 Sergii
1010 773 1257 830 dixit·
1289 774 1525 831 Joannes
1549 775 1901 849 Hegumenus
1930 776 2024 832 Pa-

141 872 286 947 gurii
328 871 607 939 similiter.
645 893 670 922 »
721 871 781 926 Et
817 870 891 926 ibi
940 876 1150 944 septem
1193 870 1287 926 alii
1324 871 1622 944 Hegumeni
1666 872 2025 928 nominantur

141 987 269 1026 cum
296 969 484 1025 eadem
516 968 755 1024 formula
783 969 1040 1024 similiter.
1069 969 1142 1023 Ac
1166 968 1388 1023 tandem
1412 969 1666 1024 additur:
1699 969 1809 1025 «Et
1838 970 2021 1027 caeteri

141 1086 330 1125 omnes
365 1068 620 1124 monachi
653 1068 1153 1143 pronuntiaverunt
1192 1066 1464 1123 similiter.
1493 1088 1521 1119 »
1570 1066 1797 1123 Notetur
1834 1075 2017 1124 autem

141 1165 396 1221 eamdem
426 1183 649 1238 prorsus
679 1182 798 1220 esse
824 1163 1122 1219 formulam
1148 1178 1257 1234 qua
1282 1162 1370 1218 usi
1398 1168 1529 1218 sunt
1559 1163 1833 1237 Episcopi.
1859 1164 2019 1220 Verbi

141 1263 313 1335 gratia
331 1284 341 1316 z
363 1263 621 1319 Sisinnt'us
639 1262 998 1317 sanctissimus
1016 1261 1299 1333 Episcopus
1317 1260 1534 1317 Garialli
1549 1261 1785 1316 similiter
1800 1261 2017 1333 (Labbe,

144 1359 261 1415 loco
291 1361 499 1425 citato).
535 1359 740 1414 Pariter
771 1358 871 1413 sub
899 1357 1063 1413 tinem
1090 1357 1322 1412 actionis
1346 1363 1554 1429 quartae
1586 1363 1709 1430 post
1736 1359 2018 1431 subscrip-

98 1488 100 1490 ·
147 1456 319 1510 tiones
359 1456 748 1528 Episcoporum
791 1460 843 1510 et
882 1471 1008 1510 cum
1052 1453 1243 1508 cadem
1289 1453 1428 1508 dicta
1461 1453 1723 1521 formula,
1764 1455 2022 1528 leguntur

146 1552 578 1624 subscriptiones
603 1556 823 1607 centum
851 1558 903 1606 et
931 1549 1230 1606 octodecim
1260 1550 1706 1622 Ilegumenorum
1732 1569 1831 1607 seu
1856 1552 2021 1607 abba-

146 1655 284 1718 tum,
325 1666 559 1721 quarum
602 1649 777 1722 prima
814 1649 925 1703 haec
960 1648 1080 1703 est:
1130 1646 1385 1710 «Sabbas
1427 1649 1730 1703 monachus
1770 1654 1823 1704 et
1851 1647 2023 1721 Hegu-

146 1762 343 1799 menus
383 1745 700 1800 monasterii
726 1745 900 1800 Studii
935 1744 1263 1802 similiter.»
1290 1743 1507 1817 (Labbe,
1539 1744 1704 1800 citato
1732 1751 1882 1800 tomo
1914 1745 2020 1817 VII,

145 1844 434 1916 col..559.)
455 1845 518 1898 Et
539 1862 602 1899 ex
636 1844 703 1898 iis
727 1844 832 1899 118
860 1844 1209 1917 Hegumcnis‚
1242 1861 1335 1899 sex
1366 1850 1635 1900 vocantur
1664 1844 1832 1899 simul
1854 1845 2026 1899 Archi-

142 1941 444 2003 mamlritae5
488 1940 640 1996 verbi
684 1940 897 2012 gratia:
942 1941 1239 1996 Theodorus
1284 1941 1604 2012 Hequmenus
1642 1949 1690 1996 et
1722 1941 2024 1997 Archimau-

146 2038 282 2093 ἀήτα
311 2036 441 2093 Bodi
474 2039 711 2094 similiter
755 2037 969 2106 (Labbe‚
1001 2038 1160 2110 ibid„
1205 2039 1309 2093 col.
1345 2038 1499 2111 559).
1530 2038 1684 2102 Quod
1720 2045 1903 2095 autem
1931 2030 2023 2095 dc-

144 2136 448 2191 nominatio
490 2137 583 2191 illa
611 2136 934 2207 Hequmenns
973 2136 1117 2190 idem
1151 2136 1379 2190 omnino
1412 2137 1556 2209 apud
1584 2154 1785 2208 graecos
1818 2136 2025 2209 signifi-

145 2230 343 2287 caverit
363 2248 426 2285 ac
448 2230 614 2284 latina
637 2247 732 2285 vox
762 2231 938 2298 abluta,
967 2235 1181 2286 constat
1216 2249 1279 2286 ex
1309 2249 1369 2286 eo
1403 2232 1547 2304 quod
1580 2251 1727 2287 unus
1757 2251 1786 2288 e
1808 2233 2024 2289 duobus

145 2327 398 2382 Hadriani
428 2327 583 2401 Papae
606 2327 832 2400 Legati&
873 2328 967 2399 qui
1007 2333 1122 2383 erat
1154 2327 1318 2384 abbas
1364 2330 1536 2386 sancti
1571 2330 1759 2386 Sabbae
1803 2332 1859 2386 in
1876 2324 2025 2388 ‘urbe

144 2425 331 2494 Roma,
356 2425 411 2479 in
437 2425 571 2480 actis
597 2426 791 2480 eodem
815 2424 1102 2497 {legumini
1123 2427 1348 2484 nomine
1371 2427 1710 2501 designetur.
1741 2429 1845 2499 Sic,
1873 2431 2023 2485 verbi

145 2523 336 2594 gratia,
377 2540 435 2578 se
477 2523 1158 2599 habentmsubscriptiones
1197 2524 1468 2580 dictorum
1517 2525 1865 2598 Legatorum‚
1906 2545 2027 2600 quae

146 2620 459 2694 praecedunt
500 2621 937 2694 subscriptiones
973 2621 1421 2679 Patriarcharum
1450 2629 1502 2680 et
1544 2630 1866 2681 caeterorum
1911 2644 2026 2681 om-

146 2717 323 2782 nium,
348 2721 596 2790 quamvis
623 2719 662 2774 ii
686 2719 864 2791 Legati
885 2738 993 2774 non
1019 2727 1203 2777 essent
1227 2721 1338 2777 nisi
1369 2721 1649 2793 simplices
1676 2724 1985 2798 presbyteri
2018 2745 2027 2775 :

153 2836 177 2865 «
206 2813 394 2868 Petrus
427 2813 684 2886 indignus
725 2814 937 2887 primus
967 2816 1253 2891 presbyter
1279 2816 1431 2871 Sedis
1461 2817 1633 2870 sancti
1660 2816 1903 2889 Apostoli
1940 2818 2031 2871 Pe-

146 2909 239 2977 tri,
271 2915 322 2964 et
363 2909 538 2963 locum
586 2907 846 2979 supplens
886 2907 1141 2962 Hadriani
1184 2909 1336 2981 Papae
1376 2909 1608 2964 senioris
1651 2911 1857 2980 Romae,
1902 2912 2031 2967 dcti-

148 3003 304 3059 niens
340 3002 968 3077 subscripsi.—Petrus
995 3003 1258 3075 indignus
1300 3005 1586 3078 presbyter
1623 3014 1670 3061 et
1705 3006 2028 3080 Hequmemcs

150 3104 446 3158 monasterii
485 3103 651 3156 sancti
684 3101 857 3157 Patris
892 3100 1073 3156 Sabbae
1096 3104 1183 3156 siti
1211 3103 1408 3168 Romae,
1458 3108 1510 3158 et
1547 3104 1729 3158 locum
1759 3107 2023 3178 supplens

149 3198 402 3253 Hadriani
435 3199 587 3271 Papae
617 3198 847 3254 senioris
875 3198 1077 3268 Romae,
1108 3199 1368 3255 definiens
1410 3201 1763 3274 subscripsi»
1803 3202 2020 3272 (Latmo,

149 3300 188 3351 t.
216 3296 318 3365 vll,
351 3296 450 3351 col.
483 3296 613 3363 558,
642 3296 770 3352 edit.
807 3297 1050 3362 ParisiiS‚
1089 3297 1280 3370 1671).
1309 3298 1482 3371 Igitur
1513 3300 1623 3372 jam
1656 3299 1722 3353 ab
1752 3317 1892 3353 anno
1918 3300 2020 3354 787

150 3394 305 3466 potiti
340 3398 466 3449 sunt
510 3375 730 3449 abbates
760 3395 901 3450 dicta
935 3396 1312 3468 praerogativa,
1352 3414 1471 3469 quae
1503 3397 1638 3469 ipsis
1681 3397 1737 3451 in
1764 3397 2023 3452 omnibus

152 3489 459 3546 subsecutis
477 3490 724 3545 conciliis
736 3491 1091 3547 oecumenicis
1110 3493 1425 3548 continuata
1442 3492 1565 3562 suit,
1579 3499 1629 3549 et
1649 3511 1771 3565 quae
1791 3492 2023 3567 proinde

153 3585 219 3640 ab
242 3587 402 3642 annis
427 3588 619 3643 saltem
648 3588 802 3644 mille
827 3594 880 3644 ct
900 3590 1237 3662 septuaginta
1262 3590 1543 3663 perdurat.
