2340 4062
378 265 435 311 98
1043 256 1340 304 TRACTATUS
1373 256 1438 302 DE
1471 257 1617 304 PAPA.

374 372 532 427 randi
559 377 830 444 exponunt
859 367 918 441 (l.
943 363 1075 433 VIII,
1097 381 1240 433 c.1v,
1270 363 1449 422 concl.
1477 364 1553 437 5).
1580 363 1750 436 Atque
1775 364 1916 421 Deus
1939 368 2051 440 ipse
2072 370 2118 424 si
2146 371 2292 427 theo·
2316 359 2317 363 ἵ

374 469 610 542 loqorum
639 468 867 524 omnium
891 478 1123 518 errorem
1143 478 1252 517 non
1278 464 1526 536 aperiret,
1554 463 1609 518 in
1647 465 1964 519 necessariis
1989 465 2286 524 Christiano

366 568 565 641 populo
595 567 813 621 deesset.
843 559 1028 636 (lhid.)
1050 558 1257 617 Priscis
1282 561 1490 637 quippe
1513 560 1773 618 Patribus
1790 565 1844 617 et
1871 561 2145 637 theologis
2166 551 2305 622 suc·¹

373 668 667 723 cesserunt
696 661 901 718 scholae
927 660 1181 717 doctores
1199 665 1477 735 quatenus
1500 679 1643 719 verae
1665 659 1986 716 traditionis
2009 663 2293 722 catholicae

370 762 711 839 depositarii.
750 761 1047 836 Perperam
1091 758 1265 834 igitur
1290 759 1645 830 Bossuetius,
1671 763 1737 815 ut
1770 759 2103 834 persuadeat
2142 778 2288 818 erro-

369 880 530 920 neam
557 878 678 918 esse
704 878 869 936 posse
897 859 1186 916 doctorum
1213 859 1418 915 scholae
1452 857 1909 927 consensionem,
1937 857 1996 914 in
2029 860 2287 933 praesenti

368 958 675 1035 quaestione
709 956 1041 1032 dogmatica,
1081 956 1331 1014 recurrit
1365 957 1435 1013 ad
1475 974 1676 1014 eorum
1714 955 1774 1012 in
1809 954 1968 1012 factis
2003 955 2291 1015 historicis

366 1059 788 1116 fallibilitatem.

446 1159 668 1233 Objectio
695 1159 770 1215 5³.
797 1191 874 1199 —
900 1158 1110 1214 Scholae
1131 1157 1387 1213 doctores
1414 1157 1977 1231 erroneedocuerunt
2002 1175 2164 1233 posse
2188 1159 2288 1214 Pa·

366 1279 495 1336 pam
530 1279 560 1316 a
594 1258 822 1333 regibus
851 1264 903 1315 et
936 1256 1377 1333 particularibus
1422 1255 1650 1332 synodis
1687 1256 1922 1332 deponi3
1970 1275 2109 1331 ergo·
2135 1258 2285 1332 quod

365 1359 744 1417 communiter
769 1357 1003 1414 doceant
1027 1357 1202 1431 Reges
1222 1374 1253 1413 a
1274 1357 1415 1432 Papa
1441 1355 1646 1430 deponi
1674 1374 1860 1431 posse,
1889 1355 2034 1413 nihil
2065 1358 2279 1432 probat.

365 1459 747 1534 Objectionem
799 1458 958 1513 illam
1000 1456 1286 1513 continent
1311 1457 1475 1514 verba
1512 1456 1629 1514 haec
1655 1455 1932 1514 Bossuetii
1965 1478 2028 1510 :«
2059 1456 2286 1514 Talibus

366 1575 496 1632 ergo
521 1559 746 1615 delusos
781 1555 1004 1631 (scholae
1041 1555 1312 1630 doctores)
1355 1573 1469 1611 non
1515 1556 1682 1612 modo
1714 1556 1781 1612 de
1813 1555 2158 1631 Principum,
2188 1555 2286 1612 sed

366 1657 536 1713 etiam
566 1657 634 1714 de
666 1655 999 1712 Pontificum
1024 1654 1251 1729 juribus
1279 1655 1457 1710 multa
1486 1654 1788 1729 fugerunt;
1828 1672 1891 1712 ac
1919 1655 1966 1711 si
2008 1675 2039 1712 a
2067 1654 2287 1710 Pontifi-

365 1756 525 1813 cibus
568 1774 727 1829 reges
770 1755 999 1812 haeresis
1046 1773 1213 1812 causa
1250 1754 1454 1830 deponi
1498 1772 1664 1829 posse
1701 1755 2000 1823 fateantur,
2038 1754 2286 1811 fatentur

361 1855 591 1913 interim
634 1873 664 1910 a
708 1854 936 1928 regibus
979 1872 1203 1929 quoque
1250 1872 1314 1910 ac
1353 1852 1794 1928 particularibus
1831 1852 2057 1931 synodis
2084 1853 2283 1928 deponi

364 1955 620 2030 potuisse
643 1953 956 2010 Pontifices
984 1974 1011 2006 »
1042 1952 1334 2028 (Defensi0‚
1367 1951 1610 2027 Operum
1639 1956 1681 2012 t.
1710 1951 1908 2022 XXXII,
1942 1970 1998 2027 p.
2017 1951 2111 2024 75,
2145 1951 2280 2009 edit.

359 2052 547 2122 Lebel,
584 2052 778 2125 1817.)

436 2154 823 2227 Respondetur.
851 2151 1330 2208 ——Falsissimum
1356 2156 1438 2206 est
1466 2149 1619 2205 istud
1648 2148 1927 2205 Bossuetii
1956 2156 2233 2206 assertum
2264 2171 2278 2204 ι

361 2253 407 2310 F
407 2261 618 2309 arentur
644 2252 868 2324 (scholae
892 2251 1155 2324 theologi)
1174 2251 1414 2322 potuisse
1433 2249 1717 2319 Pontifices
1751 2266 1784 2303 a
1808 2249 2010 2320 reqibus
2043 2254 2093 2303 et
2111 2250 2287 2320 parti-

366 2352 625 2407 cularibus
656 2350 870 2422 synodis
890 2350 1101 2421 deponi.
1120 2347 1333 2402 Scholae
1363 2345 1603 2418 theologi
1633 2345 1681 2401 si
1713 2344 1809 2418 qui
1837 2346 1948 2402 sint
1977 2345 2053 2402 ita
2080 2345 2279 2402 docen-

363 2455 469 2517 tes,
509 2466 611 2504 cur
643 2465 838 2503 eorum
881 2463 1087 2501 nomen
1138 2444 1292 2501 siluit
1334 2443 1700 2501 Bossuetius‘?
1740 2444 1885 2500 Pour
1933 2447 2058 2511 moi,
2095 2444 2281 2518 inquit

361 2546 586 2603 Bianchi
611 2548 673 2621 (t.
702 2546 746 2616 I,
770 2565 823 2620 p.
858 2545 1013 2618 155),
1034 2547 1089 2618 je
1116 2545 1223 2600 ιιάὶ
1253 2547 1439 2599 trouve'
1461 2544 1523 2599 de
1552 2551 1693 2599 trace
1719 2544 1782 2599 de
1813 2552 1943 2600 cette
1968 2546 2279 2601 audacieuse

360 2665 542 2703 erreur
588 2664 685 2719 que
731 2647 849 2701 chez
885 2645 1128 2718 quelques
1186 2646 1440 2701 derivains
1478 2646 1828 2700 notoz'rement
1875 2647 2162 2719 heretiques
2212 2664 2279 2702 οιι

357 2747 771 2817 schismatiqueS,
791 2763 857 2799 ouv
879 2746 997 2799 chez
1012 2743 1255 2817 quelques
1281 2743 1586 2799 miserables
1611 2751 1823 2800 auteurs
1842 2748 2124 2817 reprouve's
2153 2745 2278 2800 d'tm

357 2854 745 2902 consentement
771 2846 1037 2900 uncmz‘me.
1068 2845 1128 2900 Je
1148 2845 1280 2917 cle'sie
1303 2844 1367 2899 de
1393 2847 1520 2900 citer
1544 2863 1616 2900 un
1638 2845 1752 2900 seul
1782 2846 2090 2918 the'oloqz'en,
2112 2848 2281 2901 metue

360 2942 430 2997 du
472 2943 679 2997 dernier
711 2959 862 3013 rans),
897 2943 981 3013 qui
1015 2943 1090 2997 ait
1115 2943 1384 2998 embrasse'
1413 2951 1545 2998 cette
1569 2945 1783 3016 opinion
1795 2965 1812 3008 ,·
1850 2946 1881 2998 ὰ
1910 2944 2078 2998 moins
2122 2942 2277 3013 qu'on

362 3060 428 3098 ne
454 3042 640 3097 veuille
670 3049 855 3096 mettre
896 3059 959 3096 en
998 3050 1158 3097 avant
1183 3042 1321 3098 Jean
1349 3043 1412 3098 de
1436 3043 1612 3109 Paris,
1643 3044 1749 3115 qui,
1793 3059 1860 3096 au
1890 3046 2110 3112 rapport
2137 3039 2279 3095 d'Al-

358 3144 504 3198 main
534 3142 548 3215 (
577 3142 640 3197 de
656 3141 925 3198 Potestate
950 3142 1072 3198 eccl.
1102 3150 1151 3198 et
1178 3143 1324 3209 laic„
1356 3146 1554 3216 quaest.
1587 3161 1643 3210 11,
1671 3139 1737 3195 ad
1763 3157 1884 3213 cap.
1907 3157 2011 3210 vm,
2034 3137 2275 3196 doctoris

356 3240 578 3312 Okam)‚
602 3244 866 3296 contrairet
891 3260 994 3313 par
1021 3242 1072 3297 Ia
1097 3244 1242 3316 force
1268 3242 1401 3297 dela
1428 3243 1598 3297 ve'rite'
1615 3240 1863 3295 d'avouer
1891 3256 1988 3311 qne
2012 3238 2085 3294 les
2101 3238 2276 3312 Papes

348 3348 575 3416 peuvent
595 3341 989 3396 inclirectement
1015 3343 1236 3415 cle'poser
1261 3342 1334 3398 les
1360 3343 1488 3407 reis,
1509 3340 1704 3396 s’avisa
1734 3340 1796 3395 cle
1828 3340 1957 3406 (lire,
1980 3357 2118 3412 pour
2139 3341 2275 3413 faire
2329 3373 2340 3389 ·

349 3442 498 3514 piece
526 3458 595 3495 au
623 3438 977 3510 saint-siem,
1019 3459 1118 3518 que
1158 3440 1231 3496 les
1264 3442 1375 3496 rois
1395 3441 1681 3514 pozcvaient
1708 3439 1851 3493 aussi
1890 3437 2109 3510 de'poser
2138 3436 2285 3495 indi-1

353 3545 636 3596 rectement
675 3538 747 3593 les
774 3537 965 3611 Pape‘s.
1003 3537 1174 3596 Nemo
1211 3538 1391 3596 nescit
1417 3539 1687 3596 ,Ioannem
1723 3536 2019 3606 Parisium,
2057 3534 2117 3590 in
2144 3548 2272 3591 con-

354 3639 510 3698 flictu
537 3637 852 3715 Philippum
879 3638 1184 3697 Pulchrum
1214 3640 1363 3699 inter
1390 3644 1444 3699 et
1471 3637 1819 3696 Bonifacium
1850 3637 1984 3710 VIII,
2011 3635 2070 3692 in
2093 3639 2273 3693 trans·
