2340 3990
2259 0 2319 133 3

2268 139 2297 186 ἓ

335 241 427 287 414
1011 237 1309 288 TnAcrA‘rus
1337 239 1404 288 on
1432 241 1581 290 PAPA.
1676 304 1677 307 Ἴ

335 355 563 423 partem.
590 348 729 405 Nam
755 351 910 403 extra
940 343 1135 404 casum
1161 346 1459 415 violentiae,
1480 354 1540 406 ut
1567 347 1623 405 in
1645 347 1964 407 Arminensi
1993 354 2255 428 concilio,
2278 401 2311 436 ἵ,

332 447 418 505 vel
446 446 682 512 fraudis,
713 449 776 500 ut
808 444 864 500 in
894 445 1339 504 Chalcedonensi
1374 448 1558 523 quoad
1594 448 1878 506 decretum
1912 468 1943 506 a
1969 450 2147 509 Leone
2173 433 2330 540 rc-'j‘

327 549 576 623 jectum,
631 563 923 620 nunquam
966 546 1203 622 contigit
1246 566 1439 606 errare
1487 547 1757 622 majorem
1795 554 2018 624 patrum
2058 553 2307 628 nume-‘332

332 663 487 702 rum.
531 644 595 700 Et
647 643 839 702 forsan
884 643 940 700 id
985 644 1315 720 contingere
1354 666 1649 722 nunquam
1700 647 1952 706 Christus
1991 649 2299 723 Dominus}⁷

332 742 719 819 permissurus
753 749 857 801 est.
2274 756 2277 759 “

1098 1034 1366 1096 CAPUT.
1407 1036 1467 1096 ΙΙ

682 1223 763 1258 ΒΕ
790 1223 1228 1259 ΛΙΙΟΤΟΙΙΙΤΑΤΕ
1253 1222 1523 1259 comeum!
1548 1223 1912 1260 OEcuumvlcl

402 1398 821 1454 Praenotandum
862 1398 925 1453 cle
967 1396 1284 1454 anctoritate
1329 1398 1535 1454 concilii
1579 1398 1798 1455 relative
1851 1400 1921 1454 ad
1960 1399 2256 1456 Romanum

322 1498 655 1570 Pontificem.
684 1496 993 1553 -Maximi
1034 1515 1166 1554 sane
1203 1496 1474 1554 momenti
1512 1499 1763 1571 quaestiO,
1810 1499 2091 1573 quomodo
2135 1518 2255 1558 sese

310 1597 379 1652 ad
426 1595 671 1652 invicem
717 1596 959 1651 habeant
1000 1594 1237 1649 Romani
1283 1594 1564 1672 pontilicis
1605 1613 1669 1651 ac
1710 1596 1989 1669 generalis
2026 1587 2274 1654 concilii·

309 1696 648 1765 auctoritas3
682 1714 751 1751 an
778 1692 935 1770 Pa'pae
970 1694 1226 1768 generale
1264 1694 1595 1767 concilium,
1628 1715 1698 1751 an
1732 1696 1973 1769 generali
2011 1697 2250 1754 concilio

318 1796 482 1870 Papa,
515 1814 577 1852 ex
608 1794 790 1851 divina
829 1794 1034 1850 Christi
1075 1794 1448 1868 institutione,
1489 1796 1694 1853 subsit.
1735 1797 1809 1853 De
1853 1815 1964 1872 quo
2005 1797 2139 1872 quid
2177 1803 2252 1855 tc-

318 1895 586 1963 nendum,
623 1900 731 1950 tota
767 1893 929 1951 tertia
959 1899 1230 1950 tractatus
1258 1902 1414 1969 parte
1442 1898 1564 1952 l'usc
1599 1895 1868 1952 diximus.
1902 1896 2252 1972 Quapropter

320 1994 581 2069 praesenti
615 1993 795 2068 capite
831 1994 1210 2068 expendendae
1245 1993 1477 2051 veniunt
1515 1995 1804 2051 dumtaxat
1847 1995 1968 2052 aliae
1997 1995 2252 2069 quaestio-

319 2112 438 2161 nes,
480 2113 603 2169 quae
632 2095 697 2151 de
723 2094 949 2152 concilii
977 2094 1256 2168 generalis
1288 2094 1620 2153 auctoritate
1649 2095 1860 2153 moveri
1894 2096 2094 2154 solent.

317 2316 339 2366 g
371 2312 469 2352 1.-
484 2311 591 2359 Quid
608 2313 859 2365 requiratur
875 2324 923 2352 ex
937 2317 1057 2364 parte
1076 2312 1251 2353 Romani
1273 2311 1501 2362 Pontillcis,
1519 2317 1563 2352 ut
1582 2311 1746 2353 concilii
1769 2312 2024 2353 oecumenici
2041 2312 2248 2363 judicium
2303 2332 2305 2334 ·

476 2381 584 2423 circa
613 2382 742 2423 fidem
766 2387 834 2422 aut
858 2393 996 2422 mores
1015 2380 1244 2422 infallibile
1270 2380 1326 2422 sit
1346 2386 1386 2421 et
1410 2380 1462 2420 ad
1489 2380 1753 2422 credendum
1774 2380 2088 2432 constringens.
2225 2383 2246 2407 a

392 2522 777 2597 Distinguendi
817 2528 947 2579 sunt
980 2523 1118 2579 varii
1162 2541 1327 2579 casus
1374 2523 1467 2596 qui
1513 2522 1838 2597 contingere
1876 2530 2131 2599 possunt.
2175 2525 2248 2582 De

318 2640 427 2694 quo
457 2621 539 2677 sic
570 2621 735 2678 babet
763 2622 962 2677 Suarcz
991 2623 1223 2694 (deside,
1256 2621 1404 2696 disp.
1429 2621 1491 2692 V,
1523 2628 1658 2678 sect.
1680 2642 1764 2692 vu,
1783 2641 1847 2690 n.
1877 2623 1955 2695 5).
1987 2646 2014 2677 «
2039 2624 2247 2680 Primus

316 2726 422 2790 est,
468 2720 690 2794 quando
727 2721 780 2775 in
823 2721 920 2777 illo
970 2721 1050 2795 (in
1084 2721 1334 2794 generali
1391 2721 1654 2793 concilio)
1700 2723 1837 2797 Papa
1878 2724 2248 2798 personaliter

316 2822 490 2893 adest,
523 2828 584 2877 ut
624 2821 682 2876 in
709 2820 1062 2878 Lateranensi
1095 2822 1200 2877 sub
1236 2822 1559 2878 Innocentio
1586 2827 1642 2880 et
1673 2823 1981 2895 similibus,
2024 2830 2078 2881 et
2115 2825 2248 2881 deti-

316 2922 454 2978 nitio
492 2921 550 2978 fit
581 2922 968 2980 consentiente
1013 2921 1154 2998 Papa
1190 2927 1243 2979 et
1285 2922 1543 2980 concilio,
1591 2922 1860 2980 Secundus
1899 2931 1984 2982 est
2020 2925 2246 2998 quando

312 3022 454 3097 Papa
481 3022 640 3079 adest
668 3040 764 3097 per
790 3022 1016 3097 Legatos
1043 3022 1314 3078 habentes
1340 3023 1409 3078 ab
1446 3023 1568 3096 ipso
1599 3023 2029 3082 instructionem
2059 3025 2127 3082 de
2154 3042 2244 3083 ve-

314 3120 574 3176 ritatibus
598 3120 957 3192 definiendiS,
984 3126 1037 3178 et
1077 3120 1328 3178 definitio
1356 3121 1412 3177 fit
1439 3140 1468 3177 a
1495 3122 1732 3178 concilio
1762 3123 1922 3197 juxta
1953 3123 2123 3180 talem
2164 3123 2245 3180 in-

312 3219 705 3277 structionem.
743 3220 950 3276 Tertius
992 3226 1077 3277 est
1104 3221 1328 3294 quando
1369 3219 1554 3294 Legati
1589 3221 1824 3278 veniunt
1851 3222 1973 3280 sine
2007 3223 2246 3280 instruc-

313 3320 463 3378 tione
501 3319 845 3394 particulari,
878 3319 973 3374 sed
1005 3319 1242 3376 concilio
1278 3319 1336 3374 in
1366 3319 1615 3392 generali
1653 3321 2051 3393 committitur,
2094 3329 2155 3379 ut
2186 3323 2244 3379 in

314 3423 400 3478 his
433 3423 517 3480 vel
549 3421 663 3478 illis
691 3419 943 3478 materiis
969 3419 1137 3476 fidem
1166 3419 1412 3486 deliniat,
1455 3424 1510 3476 et
1536 3428 1723 3494 postea
1746 3422 1997 3480 definitio
2024 3423 2085 3479 fit
2115 3441 2243 3480 con-

317 3521 693 3581 sentientibus
714 3519 947 3595 Legatis,
970 3522 1027 3575 et
1051 3519 1277 3576 tandem
1305 3519 1531 3576 additur
1559 3520 1912 3579 confirmatio
1940 3521 2237 3580 Pontificis.

317 3621 548 3691 Quartus
572 3620 781 3696 gradus
805 3619 936 3692 erit,
962 3617 1009 3675 si
1029 3617 1278 3676 definitio
1305 3618 1444 3677 facta
1467 3638 1497 3676 a
1520 3620 1763 3678 concilio
1791 3625 1847 3678 et
1873 3620 2090 3696 Legatis
2111 3638 2240 3678 con·
2284 3643 2293 3647 -
2335 3624 2340 3664 =³
