2340 3990
313 229 418 276 538-
985 220 1285 270 TRACTATUS
1313 219 1381 266 DE
1409 219 1471 266 ΡΑ
1477 221 1559 268 ΡΑ.

312 335 428 393 diei
467 334 657 409 magni
698 333 970 389 adventus
1012 326 1264 387 tribunal
1307 326 1673 384 villicationis
1713 329 2236 387 nostrae-rationem

311 433 635 491 reddituros
662 445 763 485 nos
791 445 933 500 esse,
967 446 998 480 »
1021 425 1136 501 prit
1159 441 1240 482 un
1271 424 1396 481 soin
1422 423 1876 481 extraordinaire
1916 429 1970 481 et
1993 425 2238 501 imagina
2289 411 2340 475 ³⁵·'s

309 551 391 590 un
429 548 632 606 moyen
658 528 882 586 efficace
917 544 1063 603 pour
1091 542 1365 602 procurer
1393 523 1746 582 l’inviolable
1786 525 2139 583 observation
2170 527 2239 584 de
2269 506 2299 604 ’

309 637 451 688 cette
476 628 870 700 constitution,
903 631 1090 684 meme
1118 644 1220 702 par
1258 643 1349 683 ses
1385 643 1775 693 successeurs‚
1816 643 1887 681 θη
1918 624 2242 698 enjoignant

313 749 423 787 aux
449 728 767 785 Cardinaux
794 727 989 784 reunis
1011 744 1081 783 θη
1107 725 1373 783 conclave
1396 725 1524 781 d’en
1541 725 1703 799 jurer
1727 723 1796 782 de
1821 742 2077 780 nouveau
2102 724 2239 781 l'ob-

312 829 594 886 servation
635 847 737 903 per
786 827 1065 902 quemlibet
1117 843 1319 896 eorum,
1369 827 1456 898 qui
1499 826 1554 880 in
1594 825 1887 881 Romanum
1938 824 2242 897 Pontificem
2290 802 2326 903 ᾖ

312 930 500 986 electus
543 930 724 1003 fuerit,
756 934 805 984 et
835 927 1175 1001 postmodum
1205 925 1339 982 idem
1370 925 1439 980 acl
1471 922 1673 980 Summi
1708 924 2053 1004 Pontificatus
2092 924 2242 996 fasti·

316 1030 457 1100 qiam
486 1034 810 1100 assumptus,
834 1033 959 1099 post
986 1027 1097 1099 ejus
1127 1026 1564 1097 assumptionem,
1597 1024 1691 1079 hoc
1719 1025 1889 1095 ipsum
1910 1023 2242 1095 promittere,

315 1135 365 1184 et
387 1128 575 1183 deinde
594 1134 721 1200 post
747 1128 1143 1182 coronationem
1164 1143 1338 1190 suam,
1363 1125 1794 1196 promissionem„
1822 1129 1871 1178 et
1887 1123 2244 1195 juramentum

311 1227 609 1299 hujusmodi
635 1243 737 1299 per
764 1225 971 1281 litteras
997 1242 1121 1280 suas
1147 1223 1398 1297 speciales
1426 1223 1610 1278 harum
1641 1223 2062 1295 confirmatorias
2091 1223 2244 1277 reite·

312 1345 436 1383 rare
463 1327 670 1382 debeat.
2307 1387 2310 1389 Α
2334 1389 2335 1395 ¹

390 1426 486 1482 Ces
513 1426 867 1490 documents,
895 1421 1031 1479 lires
1055 1421 1123 1478 de
1143 1426 1511 1477 monuments
1536 1420 1955 1495 authentiques,
1985 1421 2246 1495 antiques

313 1530 367 1582 et
391 1524 574 1600 pleins
603 1521 922 1593 d’autorite,
964 1539 1094 1578 sans
1129 1521 1319 1595 parler
1345 1519 1413 1575 de
1439 1524 1559 1575 tant
1594 1519 1844 1577 d’autres
1880 1521 2046 1594 qn’on
2078 1538 2244 1594 pour·
2302 1502 2319 1557 ἶ

313 1624 422 1681 rait
459 1627 725 1697 apporter
759 1639 830 1677 en
863 1620 1242 1694 temoignage,
1271 1637 1362 1676 ces
1394 1618 1749 1689 documents,
1794 1619 1976 1693 dis-je,
2019 1621 2248 1693 exposes
2302 1610 2326 1686 ,ςῖ

317 1727 372 1779 et
405 1721 657 1799 analyses
683 1736 784 1792 par
818 1736 931 1774 une
967 1735 1247 1792 personne
1271 1716 1644 1791 intelligente,
1683 1734 1753 1773 ne
1789 1721 2060 1791 pourront
2094 1733 2248 1772 man·

318 1834 459 1891 quer
495 1817 562 1872 de
589 1814 902 1890 persuader
922 1821 975 1871 et
1006 1816 1073 1872 de
1100 1815 1438 1872 convaincre
1461 1816 1516 1872 le
1541 1813 1816 1872 chanoine
1846 1814 1987 1879 N...‚
2026 1813 2114 1870 s'il
2145 1818 2244 1884 est,
2306 1815 2322 1851 ἲ

317 1933 536 1972 comme
567 1914 623 1988 je
650 1914 701 1971 le
736 1932 931 1990 pense,
978 1932 1052 1970 un
1083 1916 1311 1971 homme
1341 1914 1411 1971 de
1440 1914 1627 1971 bonne
1658 1914 1734 1970 foi
1774 1918 1828 1971 et
1856 1914 1923 1970 de
1953 1913 2063 1969 bon
2089 1913 2248 1986 juge·
2316 1983 2317 1986 Ἴ

250 2022 253 2026 ’
309 2022 492 2084 ment3
528 2022 582 2072 ct
620 2015 659 2070 il
687 2015 856 2071 devra
885 2015 1136 2072 admirer
1162 2024 1215 2073 et
1247 2016 1530 2072 confesser
1564 2035 1691 2073 avec
1729 2015 1917 2090 quelle
1951 2031 2168 2088 sagesse
2194 2017 2247 2070 et
2327 2070 2334 2075 ,

311 2117 443 2190 quel
467 2117 577 2173 bon
603 2116 754 2172 droit
786 2116 838 2173 le
875 2117 1126 2190 glorieux
1152 2117 1369 2174 Pontife
1392 2118 1485 2174 Pie
1510 2117 1596 2187 IX,
1646 2117 1786 2172 dans
1816 2133 1914 2172 son
1945 2113 2247 2174 allocutiou

311 2217 385 2273 du
415 2216 487 2272 20
515 2216 639 2291 juin
679 2216 848 2282 1859,
883 2223 933 2273 et
962 2217 1092 2292 plus
1115 2217 1242 2273 tard
1265 2218 1405 2274 dans
1431 2235 1532 2275 son
1558 2216 1893 2291 Encyclique
1919 2215 1991 2270 du
2030 2213 2100 2268 19
2123 2213 2247 2286 jan-

306 2314 426 2372 vier
453 2314 629 2387 1860,
663 2334 693 2371 a
721 2333 802 2389 pu
825 2333 1145 2390 prononcer
1172 2322 1316 2373 cette
1343 2321 1607 2373 sentence
1634 2335 1644 2369 :
1680 2336 1707 2367 «
1735 2313 2017 2388 Singulari
2047 2310 2246 2368 divinae
2312 2318 2314 2322 “

304 2412 673 2469 Providentiae
725 2413 970 2469 consilio
1021 2413 1236 2472 sactum
1282 2419 1395 2486 est,
1440 2420 1500 2469 ut
1548 2413 1606 2468 in
1659 2418 1810 2469 tanta
1851 2409 2245 2486 temporalium

304 2511 630 2584 Principum
661 2511 1053 2583 multitudine,
1081 2520 1136 2569 et
1168 2512 1454 2580 varietate,
1481 2513 1727 2569 Romana
1754 2528 1977 2586 quoque
2003 2508 2242 2566 Ecclesia
2312 2585 2317 2589 .

306 2612 688 2685 temporalem
712 2611 1189 2684 dominationem,
1221 2613 1438 2669 nemini
1466 2630 1700 2687 prorsus
1727 2611 2049 2676 obnoxiam,
2080 2609 2245 2666 habe-

309 2715 414 2777 ret,
459 2728 569 2782 qua
607 2710 897 2765 Romanus
926 2710 1198 2778 Pontifex,
1244 2729 1502 2767 summus
1542 2709 1712 2767 totius
1743 2709 2001 2766 Ecclesiae
2032 2715 2243 2783 pastor,

311 2809 457 2866 nulli
484 2829 741 2884 unquam
769 2810 1016 2886 Principi
1053 2811 1371 2886 subjectm,
1410 2828 1741 2885 supremam
1777 2808 2032 2866 universi
2066 2808 2245 2865 domi·

311 2910 426 2967 nici
462 2911 649 2985 gregis
684 2910 957 2986 pascendi
996 2911 1343 2988 regendique
1367 2916 1706 2987 potestatem
1743 2902 2245 2984 auctoritatemque

312 3009 380 3065 ab
425 3009 547 3084 ipso
596 3010 816 3068 Christo
856 3010 1088 3068 Domino
1119 3019 1429 3087 acceptam,
1463 3030 1564 3086 per
1600 3011 1957 3081 universum,
1997 3029 2105 3083 qua
2136 3009 2244 3065 late

311 3113 488 3183 patet,
523 3111 718 3166 orbem
755 3112 1090 3186 plenissima
1116 3113 1375 3170 libertate
1408 3129 1695 3183 exercere,
1725 3129 1789 3167 ac
1816 3110 1987 3166 simul
2019 3109 2241 3166 facilius
2272 3117 2302 3120 ‘⁴

312 3207 567 3264 divinam
610 3209 946 3282 religionem
988 3212 1169 3286 magis
1211 3212 1269 3268 in
1308 3212 1428 3268 dies
1467 3229 1797 3286 propagare,
1829 3216 1882 3267 et
1911 3210 2085 3268 variis
2115 3209 2242 3266 fide·
2290 3202 2300 3269 J

310 3307 458 3364 lium
492 3306 821 3379 indigentiis
851 3326 1152 3366 occurrere
1182 3316 1237 3367 et
1272 3314 1591 3384 opportuna
1619 3309 2002 3384 flagitantibus
2037 3305 2239 3365 auxilia
2288 3306 2291 3309 ’

314 3405 485 3474 ferre,
522 3412 576 3463 et
598 3405 707 3462 alia
735 3407 924 3463 omnia
949 3408 1094 3465 hona
1118 3427 1384 3484 peragere
1414 3415 1625 3484 posset,
1652 3427 1775 3485 quae
1803 3428 1903 3484 pro
1930 3427 1992 3465 re
2019 3427 2082 3465 ac
2106 3413 2239 3463 tem⁴
2295 3475 2298 3478 ἢ
2324 3483 2328 3487 q

314 3523 448 3579 porc
474 3506 545 3563 ad
578 3507 847 3582 majorem
873 3507 1047 3565 totius
1074 3508 1394 3566 christianae
1424 3508 1752 3585 reipublicae
1789 3508 2092 3566 utilitatem
2117 3521 2238 3581 per-

315 3602 502 3662 tinere
535 3605 658 3681 ipse
691 3612 1070 3680 cognosceret.
1106 3629 1134 3660 >v
