2340 4062
331 297 386 342 62
998 293 1292 341 TRACTATUS
1323 292 1389 338 DE
1420 292 1572 338 PAPA.

329 405 642 480 principem
685 422 807 462 esse
843 399 1254 476 deponendum.
1285 420 1313 453 »
1364 398 1694 473 (AlmainuS,
1735 402 1799 458 de
1822 404 2092 466 Potestate
2118 413 2241 469 ecel.

333 514 383 561 et
407 506 568 581 laic„
598 508 794 579 quaest.
825 521 864 568 1,
908 518 958 555 c.
987 498 1083 572 1x.)
1914 516 1921 519 -

404 627 432 658 «
457 604 616 661 Notat
641 603 832 658 doctor
878 597 1091 672 (Okam)
1132 597 1282 672 quod
1320 599 1626 673 imperator
1664 606 1847 676 potest
1880 622 2002 662 csse
2042 607 2244 683 dignus

324 701 667 779 depositione
693 697 1030 772 dupliciter:
1065 715 1178 753 uno
1213 697 1377 754 inodo
1406 704 1634 774 propter
1675 701 1892 758 crimen
1930 704 2240 779 spirituale,

322 809 386 859 ut
407 804 631 876 propter
657 797 939 864 haeresim,
971 796 1101 869 quia
1127 797 1422 854 haereticus
1450 803 1504 855 et
1529 799 1947 869 schismaticUS‚
1978 810 2031 861 et
2063 806 2246 864 utitur

323 902 592 973 potestate
616 914 717 952 sua
747 895 807 951 in
834 894 1238 952 detrimentum
1265 896 1721 966 christianitatis;
1754 899 1866 956 alio
1891 901 2055 958 modo
2078 922 2243 979 prop-

322 1001 408 1050 ter
433 993 652 1049 crimen
679 992 862 1060 civile,
894 998 1093 1068 utputa
1131 995 1354 1068 quando
1381 996 1616 1070 negligit
1641 997 2043 1055 administrare
2075 1000 2243 1073 justi·

319 1091 528 1148 tiam...
559 1093 712 1147 Tunc
746 1091 792 1147 si
831 1091 1136 1166 imperator
1170 1092 1241 1148 sit
1268 1092 1473 1166 dignus
1500 1093 1848 1168 depositione
1878 1103 2106 1173 propter
2132 1099 2242 1155 cri-

319 1210 449 1249 men
488 1191 655 1267 primi
697 1191 940 1266 generis,
985 1198 1114 1267 puta
1158 1199 1384 1268 propter
1429 1193 1647 1250 crimen
1692 1195 2008 1270 spirituale,
2060 1204 2243 1273 potest

318 1289 523 1365 deponi
564 1308 594 1346 a
625 1289 788 1364 Papa,
819 1308 950 1345 cum
984 1289 1178 1345 habeat
1215 1289 1439 1363 plenam
1470 1295 1799 1364 potestatem
1833 1293 1893 1348 in
1937 1296 2240 1368 puniendis

318 1388 559 1464 peccatis
599 1388 1056 1463 spiritualibus»
1093 1389 1190 1461 (De
1233 1389 1502 1444 Potestate
1529 1389 1654 1444 ecel.
1695 1398 1745 1446 et
1775 1391 1921 1458 laic„
1955 1400 2151 1465 quaest.
2182 1415 2235 1462 11,

314 1488 384 1543 ad
422 1506 543 1563 cap.
581 1507 662 1542 vn1
695 1487 941 1543 doctoris
979 1486 1171 1542 Okam.
1201 1488 1352 1542 —ln
1379 1487 1704 1544 Bibliotheca
1742 1489 2042 1563 Pontificio,
2091 1498 2130 1548 t.
2172 1493 2234 1560 II,

319 1606 373 1662 p.
410 1588 528 1662 14.)

397 1686 585 1744 «Dicit
611 1688 803 1744 doctor
833 1687 1045 1761 (Okam)
1083 1687 1230 1760 quod
1264 1687 1404 1762 Papa
1435 1693 1618 1762 potest
1644 1687 2038 1762 imperatorem
2071 1692 2240 1766 depo-

317 1805 451 1844 nere
478 1788 538 1843 in
564 1786 783 1843 duobus
805 1786 1024 1842 casibus
1051 1807 1060 1838 :
1093 1785 1330 1859 primus,
1361 1804 1460 1859 pro
1495 1785 1731 1841 crimine
1767 1805 1908 1861 pure
1936 1788 2234 1861 spirituali,

316 1894 380 1943 ut
405 1892 490 1944 est
526 1886 754 1943 haeresis
787 1906 798 1941 :
841 1884 1145 1950 secundUS,
1191 1884 1416 1957 quando
1455 1883 1538 1939 illi
1577 1884 1645 1939 ad
1686 1903 1826 1958 quos
1864 1893 2077 1961 spectat
2110 1889 2238 1962 jure

315 1986 594 2043 ordinario
623 1990 755 2041 sunt
783 1984 1130 2057 negligentes
1156 1982 1343 2056 ipsum
1372 1983 1672 2057 deponere.
1698 1984 1850 2040 Unde
1885 1985 2019 2042 dicit
2045 1987 2238 2044 doctor

324 2085 413 2159 (ΙΙΙ
441 2090 611 2160 part„
649 2083 784 2140 dial.
813 2083 866 2157 11)
911 2082 1059 2157 quod
1091 2082 1486 2138 universaliter
1534 2083 1577 2138 si
1630 2083 1874 2156 negligat
1923 2085 2092 2158 judex
2141 2106 2236 2144 sae-

313 2186 519 2243 cularis
555 2202 810 2241 exercere
844 2182 1297 2257 jurisdictionem
1339 2182 1539 2237 laicam
1571 2200 1671 2256 pro
1706 2182 1826 2238 loco
1868 2191 1920 2240 et
1957 2190 2229 2261 tempore,

313 2285 623 2342 devolvitur
649 2288 894 2357 potestas
930 2280 1226 2337 exercendi
1267 2280 1335 2335 ad
1376 2279 1627 2352 judicem
1673 2280 2046 2355 spiritualem.
2093 2286 2234 2358 Ergo

314 2385 411 2440 ubi
445 2385 513 2440 ad
548 2400 688 2456 quos
734 2385 945 2455 spectat
982 2377 1255 2452 depositio
1298 2378 1655 2451 imperatoris
1700 2398 1811 2435 non
1851 2388 2085 2454 possunt
2136 2403 2234 2440 au-

310 2484 478 2554 ferre,
520 2481 605 2537 vel
647 2480 959 2553 negligunt,
1007 2477 1318 2548 devolvitur
1356 2483 1603 2553 potestas
1638 2479 1931 2537 auferendi
1965 2483 2034 2539 ad
2079 2502 2232 2540 sum-

314 2600 473 2638 mum
516 2579 911 2636 Pontificem...
956 2578 1095 2635 Dicit
1129 2578 1320 2633 doctffl‘
1365 2579 1633 2653 (intellige
1675 2597 1897 2655 semper
1935 2582 2228 2660 Okamum)

315 2683 465 2756 quod
491 2682 635 2756 Papa
664 2686 847 2755 potest
877 2680 1182 2735 transferre
1208 2680 1532 2754 imperium,
1560 2682 1655 2738 sed
1683 2683 1788 2740 hoc
1815 2689 1896 2740 est
1933 2686 2115 2740 solum
2142 2703 2231 2741 ca-

315 2782 563 2839 sualiter.
604 2780 758 2837 Unde
798 2779 937 2853 Papa
977 2783 1159 2853 potest
1197 2796 1448 2835 exercerc
1482 2779 1938 2852 jurisdictionem
1987 2782 2046 2837 in
2091 2801 2230 2857 pure

311 2880 716 2958 temporalibus
745 2879 1061 2944 casualiter,
1097 2879 1200 2934 hoc
1233 2884 1317 2934 est
1352 2878 1573 2953 quando
1612 2899 1725 2936 non
1753 2886 1837 2938 est
1862 2881 2034 2955 judex
2063 2900 2231 2938 saecu-

310 2983 464 3039 laris
498 2982 575 3038 Ita
606 2981 653 3037 si
691 2980 835 3036 desit
870 2978 1231 3053 Congregatio
1264 2979 1484 3054 populi,
1523 2985 1703 3054 potest
1731 2982 1875 3055 Papa
1902 2982 2223 3047 transferre,

309 3088 362 3139 et
392 3083 498 3139 hoc
523 3080 843 3138 casualiter.
873 3079 1123 3141 Secundo
1152 3084 1334 3154 potest
1362 3098 1462 3154 pro
1488 3081 1728 3136 crimine
1754 3098 1893 3155 pure
1920 3080 2222 3154 spirituali,

306 3182 372 3234 ut
407 3176 455 3232 si
492 3193 630 3249 gens
660 3174 815 3230 illius
844 3173 1066 3249 imperii
1098 3173 1416 3233 efficeretur
1454 3173 1734 3240 haeretica,
1772 3173 1859 3230 vel
1894 3173 2225 3231 transferret

307 3296 368 3335 se
391 3278 463 3334 ad
506 3276 670 3332 aliam
711 3281 940 3342 sectam,
984 3275 1311 3331 dimittendo
1356 3278 1559 3329 sectam
1603 3273 1988 3341 christianam,
2038 3280 2221 3348 posset

307 3381 535 3453 propter
564 3375 670 3431 hoc
695 3373 836 3449 Papa
859 3373 1014 3428 illam
1042 3377 1260 3447 gentem
1290 3370 1511 3446 privare
1536 3370 1804 3444 dignitate
1834 3371 2135 3447 imperiali,
2171 3378 2222 3427 et

309 3478 388 3535 sic
412 3476 720 3534 transferre
744 3475 804 3530 in
840 3475 1008 3531 aliam
1046 3479 1290 3548 gentem,
1331 3471 1428 3528 sed
1466 3471 1571 3528 hoc
1606 3490 1719 3528 non
1750 3478 1836 3529 est
1860 3473 2215 3547 regulariter,

308 3576 405 3633 sed
431 3573 747 3633 casualiter.
773 3594 800 3626 »
833 3573 928 3646 (De
950 3592 1196 3646 suprema
1217 3580 1411 3646 potest.
1444 3571 1623 3627 coclea.
1656 3578 1706 3625 et
1733 3578 1916 3643 temp„
1940 3574 2135 3644 quaest.
2157 3588 2214 3634 11,

307 3694 356 3732 c.
389 3695 437 3732 v.
459 3673 870 3732 —Bibliotheca-
893 3675 1124 3728 maaeiina
1144 3673 1435 3746 pontificia,
1463 3675 1509 3728 t.
1532 3670 1594 3736 II,
1626 3669 1668 3727 f.
1699 3669 1792 3738 14,
1829 3669 1861 3725 2
1891 3668 2024 3742 ml.)
