2340 3990
843 247 972 294 PARS
1000 246 1197 294 OCTAVA
1207 281 1219 291 .
1891 249 1974 296 561

0 351 5 362 “
62 359 405 418 ,schismatici
446 357 514 411 acl
541 357 708 410 sinum
738 352 978 408 Ecclesiae
1009 352 1073 406 de
1113 352 1254 423 facto
1297 349 1632 417 reducantur,
1675 349 1756 404 vel
1787 349 1979 405 saltem

55 506 59 512 .
93 454 325 526 massari
358 459 407 507 et
434 451 710 507 Ecclesiam
744 450 1014 519 exayitare
1057 447 1315 501 desinant.
1338 478 1408 487 —
1428 445 1563 500 Nam
1601 444 1671 500 ob
1703 461 1919 501 errores
1946 461 1977 500 a

92 549 298 605 teneris
339 546 620 604 imbibitos
645 563 707 602 ac
731 544 910 600 varias
937 543 1398 610 circumstantias,
1429 546 1660 617 possunt
1686 541 1775 597 isti
1803 543 1971 598 haere·

93 646 188 702 tici
223 664 286 701 ac
315 642 655 702 schismatici
695 661 813 699 esse
848 641 937 696 hic
974 647 1028 697 et
1052 660 1200 697 nunc
1229 642 1413 697 animo
1451 641 1524 696 ita
1550 639 1876 713 comparati,
1906 645 1970 694 ut

89 742 136 799 si
170 743 324 798 solus
362 742 497 815 Papa
530 740 679 815 ipsos
720 740 861 795 viam
896 739 1222 813 perditionis
1263 756 1487 795 currere
1523 736 1868 812 pronuntiet,
1915 736 1971 792 id

90 837 254 893 nihili
290 836 486 894 facturi
527 836 659 900 sint,
697 835 869 891 immo
907 836 1091 892 forsan
1120 840 1172 891 et
1197 835 1537 907 ignoraturi:
1575 835 1621 890 si
1652 852 1778 891 vero
1821 834 1968 890 idem

87 936 476 1010 pronuntietur
503 953 532 989 a
559 934 794 990 concilio
826 933 1188 1001 oecumenico,
1220 933 1272 995 id
1307 939 1549 989 mentem
1576 934 1824 1006 ipsorum
1850 949 1972 1006 per-

90 1034 271 1096 cellat,
298 1037 350 1087 et
376 1032 507 1104 ipsis
526 1032 740 1087 occasio
763 1031 834 1086 sit
859 1030 1203 1103 expendendi
1226 1048 1361 1084 num
1389 1047 1573 1084 revera
1600 1046 1766 1101 penes
1787 1030 1972 1083 catho-

88 1127 223 1183 licos
251 1146 375 1183 vcra
415 1127 550 1183 fides
577 1127 665 1191 sit,
700 1132 752 1182 et
778 1125 1107 1197 agnoscendi
1138 1126 1362 1179 tandem
1396 1142 1458 1179 ac
1494 1124 1788 1196 abjurandi
1822 1143 1971 1180 erro-

68 1221 206 1277 ‘rem
235 1241 420 1278 suum.
467 1223 755 1276 Enimvero
790 1219 1057 1276 celebrari
1095 1219 1288 1291 nequit
1326 1219 1626 1275 concilium
1663 1221 1968 1275 oecumeni-

61 1337 238 1382 -cum,
282 1319 418 1391 quin
451 1319 516 1374 dc
548 1319 650 1373 hoc
682 1319 822 1372 facto
860 1318 1005 1372 sama
1040 1317 1314 1389 quaslibet
1353 1319 1661 1388 (haereticas
1699 1300 1872 1374 ⁸etiam
1917 1324 1970 1374 et

91 1416 487 1485 schismaticas)
536 1415 789 1487 regiones
835 1415 1112 1488 pervadat.
1168 1416 1354 1487 Neque
1410 1422 1640 1489 possunt
1692 1421 1967 1472 sectarum

92 1515 257 1569 duces
279 1531 341 1567 ac
372 1513 607 1568 ministri
639 1514 906 1586 impedire
934 1531 1001 1568 ne
1026 1513 1229 1569 sactum
1257 1514 1529 1586 ejusmodi
1566 1515 1731 1568 ctiam
1762 1514 1968 1570 intimae

90 1609 241 1683 plebi
267 1609 591 1675 innotescat,
623 1615 675 1665 et
701 1611 887 1666 doctos
914 1602 1083 1666 simul
1110 1629 1172 1665 ac
1199 1610 1449 1666 indoctos
1486 1616 1721 1666 attentos
1748 1611 1963 1667 reddat.

90 1707 224 1761 Dum
256 1724 284 1760 e
314 1712 533 1782 contra,
554 1707 597 1760 si
625 1712 816 1779 agatur
846 1709 912 1763 de
950 1708 1098 1762 bulla
1126 1709 1453 1780 dogmatica,
1484 1715 1636 1763 extra
1668 1709 1967 1764 concilium

91 1819 121 1857 a
142 1801 384 1858 Romano
412 1803 664 1858 pontifice
693 1806 1058 1878 promulgata,
1090 1805 1256 1860 iidem
1280 1811 1557 1861 sectarum
1587 1805 1754 1860 duces
1786 1823 1847 1860 ac
1871 1805 1971 1859 mi-

62 1899 271 1967 nistri,
303 1901 385 1955 vel
426 1901 640 1956 artibus
676 1902 793 1957 suis
820 1904 1196 1976 procurabunt
1221 1902 1461 1975 ignotam
1498 1902 1846 1957 multitudini
1884 1920 1967 1957 re-

92 2013 333 2060 manere,
363 1998 448 2052 vel
475 1997 628 2052 falsis
657 1998 773 2053 suis
813 2000 1366 2055 commentationibus
1401 1999 1810 2072 despiciendam
1850 2017 1971 2072 per-

94 2093 420 2148 suadebunt.
455 2094 741 2164 Praeterea,
774 2096 1022 2166 quamvis
1050 2115 1215 2170 penes
1243 2097 1540 2152 concilium
1564 2096 1968 2152 oecumenicum

66 2187 198 2244 'non
225 2196 367 2246 extet
393 2191 682 2246 auctoritas
706 2195 953 2247 intensive
987 2194 1162 2269 major
1192 2211 1358 2266 quam
1387 2194 1443 2247 in
1479 2194 1595 2248 solo
1626 2195 1788 2266 Papa,
1818 2198 1969 2248 extat

92 2293 276 2343 tamen
306 2291 477 2362 major
499 2282 779 2355 'eaeteiisivoe
810 2291 863 2345 id
892 2297 994 2361 cst,
1021 2292 1318 2347 auctoritas
1345 2294 1461 2348 haec
1488 2311 1586 2365 per
1611 2293 1798 2366 plures
1818 2310 1972 2348 exer-

94 2391 266 2439 cetur.
305 2385 471 2440 Porro
500 2386 571 2441 ita
607 2394 736 2442 sunt
762 2389 1011 2444 homines
1043 2396 1236 2443 natura
1264 2390 1586 2462 comparati,
1621 2396 1684 2445 ut
1710 2408 1800 2446 eos
1818 2389 1974 2445 valde

92 2482 350 2553 percellat
375 2484 567 2555 ingens
586 2486 954 2555 judicantium
982 2505 1271 2551 numerus,
1294 2487 1595 2560 praesertim
1620 2488 1664 2542 si
1688 2488 1974 2560 praecipuae

94 2575 357 2632 doctrinae
383 2578 494 2634 sint
529 2587 578 2634 et
606 2598 668 2634 ex
693 2587 800 2635 toto
828 2582 956 2637 orbe
982 2583 1177 2639 vocali.
1207 2584 1266 2638 Et
1297 2584 1546 2655 quamvis
1574 2584 1703 2639 dicti
1732 2584 1975 2640 haeretici
2030 2584 2038 2597 ’

94 2680 146 2728 et
183 2675 538 2743 schismatici,
581 2685 700 2752 post
743 2681 1158 2737 conversionem
1194 2700 1374 2750 suam,
1412 2684 1624 2755 plenam
1666 2683 1973 2739 confessuri

96 2769 206 2824 sint
248 2771 400 2844 Papae
442 2777 853 2845 auctoritatem,
908 2797 1008 2834 nec
1055 2780 1326 2833 minorem
1380 2781 1702 2834 auctoritate
1749 2780 1967 2834 concilii

96 2869 442 2934 oecumenici,
485 2878 666 2927 tamen
706 2891 898 2928 verum
938 2875 1267 2939 remanebit,
1317 2875 1615 2930 concilium
1660 2875 1965 2931 oecumeni-

96 2980 219 3019 cum
257 2965 503 3038 ipsorum
545 2969 890 3024 conversioni
917 2971 1257 3026 occasionem
1297 2970 1496 3036 suissc;
1526 2972 1673 3044 quod
1703 2972 1810 3027 nisi
1837 2972 1975 3028 cele-

94 3060 310 3117 bratum
343 3065 559 3134 suisset,
598 3065 654 3120 in
696 3067 887 3123 haeresi
913 3073 1008 3123 aut
1045 3069 1344 3124 schismate
1385 3070 1803 3126 remansissent.
1833 3070 1970 3141 Ergo

96 3173 276 3214 revera
303 3161 620 3233 contingere
643 3168 841 3235 potest,
862 3171 923 3219 ut
941 3165 1240 3220 concilium
1259 3167 1758 3222 oecumenicumsit
1783 3167 1970 3222 stricte

86 3256 462 3311 ‘necessarium
487 3258 549 3311 ad
578 3259 678 3313 hoc
701 3265 763 3315 ut
792 3262 856 3316 de
883 3261 1021 3317 facto
1046 3263 1213 3334 hujus
1237 3269 1331 3318 aut
1359 3263 1512 3319 illius
1533 3264 1774 3335 regionis
1799 3264 1970 3318 haere-

96 3350 191 3406 tici
218 3357 308 3408 aut
331 3353 668 3410 schismatici
693 3358 759 3412 ad
787 3358 1039 3414 Ecclesiae
1061 3360 1248 3415 sinum
1277 3362 1628 3417 reducantur.
1666 3361 1736 3413 Ex
1772 3360 1967 3415 iisdem

99 3452 281 3502 autem
332 3449 639 3507 rationibus
673 3456 1044 3510 necessarium
1090 3458 1257 3514 etiam
1306 3478 1427 3515 esse
1459 3463 1634 3531 potest
1672 3456 1968 3512 concilium

25 3580 31 3588 .
100 3544 503 3599 oecumenicum
529 3545 594 3599 ad
623 3547 723 3604 hoc
754 3555 814 3604 ut
843 3551 1081 3607 haeretici
1114 3555 1352 3627 grassari
1384 3559 1436 3610 et
1459 3553 1760 3610 Ecclesiam
1787 3553 1972 3626 exagi-
