<?xml version="1.0" encoding="UTF-8"?>
<!DOCTYPE html PUBLIC "-//W3C//DTD XHTML 1.0 Transitional//EN"
    "http://www.w3.org/TR/xhtml1/DTD/xhtml1-transitional.dtd">
<html xmlns="http://www.w3.org/1999/xhtml" xml:lang="en" lang="en">
 <head>
  <title>
</title>
<meta http-equiv="Content-Type" content="text/html;charset=utf-8" />
  <meta name='ocr-system' content='tesseract 3.04.00' />
  <meta name='ocr-capabilities' content='ocr_page ocr_carea ocr_par ocr_line ocrx_word'/>
</head>
<body>
  <div class='ocr_page' id='page_1' title='image "a548470103bouiuoft_0106.png"; bbox 0 0 2340 4062; ppageno 0'>
   <div class='ocr_carea' id='block_1_1' title="bbox 310 287 1559 344">
    <p class='ocr_par' dir='ltr' id='par_1_1' title="bbox 310 287 1559 344">
     <span class='ocr_line' id='line_1_1' title="bbox 310 287 1559 344; baseline -0.004 0"><span class='ocrx_word' id='word_1_1' title='bbox 310 299 368 344; x_wconf 83' lang='lat'>82</span> <span class='ocrx_word' id='word_1_2' title='bbox 982 288 1282 340; x_wconf 77' lang='lat' dir='ltr'>TRACTATUS</span> <span class='ocrx_word' id='word_1_3' title='bbox 1312 287 1380 335; x_wconf 84' lang='lat' dir='ltr'>DE</span> <span class='ocrx_word' id='word_1_4' title='bbox 1408 288 1559 339; x_wconf 75' lang='lat' dir='ltr'><strong>PAPA.</strong></span> 
     </span>
    </p>
   </div>
   <div class='ocr_carea' id='block_1_2' title="bbox 306 368 2259 3754">
    <p class='ocr_par' dir='ltr' id='par_1_2' title="bbox 310 368 2232 676">
     <span class='ocr_line' id='line_1_2' title="bbox 389 368 2229 474; baseline -0.001 -15"><span class='ocrx_word' id='word_1_5' title='bbox 389 428 418 460; x_wconf 93' lang='lat'>«</span> <span class='ocrx_word' id='word_1_6' title='bbox 440 406 496 462; x_wconf 68' lang='lat'>5³</span> <span class='ocrx_word' id='word_1_7' title='bbox 529 405 825 462; x_wconf 79' lang='lat' dir='ltr'><em>Conclusio,</em></span> <span class='ocrx_word' id='word_1_8' title='bbox 857 434 928 442; x_wconf 90' lang='lat'><em>-</em></span> <span class='ocrx_word' id='word_1_9' title='bbox 946 397 1289 455; x_wconf 80' lang='lat' dir='ltr'><strong>Concordem</strong></span> <span class='ocrx_word' id='word_1_10' title='bbox 1314 397 1572 455; x_wconf 93' lang='lat' dir='ltr'>omnium</span> <span class='ocrx_word' id='word_1_11' title='bbox 1601 368 1991 474; x_wconf 79' lang='lat' dir='ltr'>theologorum</span> <span class='ocrx_word' id='word_1_12' title='bbox 2025 400 2229 458; x_wconf 84' lang='lat' dir='ltr'>scholae</span> 
     </span>
     <span class='ocr_line' id='line_1_3' title="bbox 310 495 2232 565; baseline -0.003 -3"><span class='ocrx_word' id='word_1_13' title='bbox 310 505 378 562; x_wconf 93' lang='lat' dir='ltr'>de</span> <span class='ocrx_word' id='word_1_14' title='bbox 406 503 515 562; x_wconf 89' lang='lat' dir='ltr'>fide</span> <span class='ocrx_word' id='word_1_15' title='bbox 539 510 637 560; x_wconf 91' lang='lat' dir='ltr'>aut</span> <span class='ocrx_word' id='word_1_16' title='bbox 666 500 923 558; x_wconf 86' lang='lat' dir='ltr'>moribus</span> <span class='ocrx_word' id='word_1_17' title='bbox 955 495 1293 554; x_wconf 82' lang='lat' dir='ltr'>sententiam</span> <span class='ocrx_word' id='word_1_18' title='bbox 1328 497 1730 565; x_wconf 83' lang='lat' dir='ltr'>contradicere,</span> <span class='ocrx_word' id='word_1_19' title='bbox 1770 498 1818 554; x_wconf 91' lang='lat' dir='ltr'>si</span> <span class='ocrx_word' id='word_1_20' title='bbox 1851 499 2079 557; x_wconf 85' lang='lat' dir='ltr'>haeresis</span> <span class='ocrx_word' id='word_1_21' title='bbox 2112 519 2232 558; x_wconf 87' lang='lat' dir='ltr'>non</span> 
     </span>
     <span class='ocr_line' id='line_1_4' title="bbox 310 597 1870 676; baseline -0.007 -14"><span class='ocrx_word' id='word_1_22' title='bbox 310 610 414 672; x_wconf 89' lang='lat' dir='ltr'>est,</span> <span class='ocrx_word' id='word_1_23' title='bbox 444 609 500 661; x_wconf 91' lang='lat' dir='ltr'>at</span> <span class='ocrx_word' id='word_1_24' title='bbox 526 601 723 659; x_wconf 87' lang='lat' dir='ltr'>haeresi</span> <span class='ocrx_word' id='word_1_25' title='bbox 753 597 1079 674; x_wconf 81' lang='lat' dir='ltr'>proximum</span> <span class='ocrx_word' id='word_1_26' title='bbox 1107 602 1212 654; x_wconf 89' lang='lat' dir='ltr'>est.</span> <span class='ocrx_word' id='word_1_27' title='bbox 1240 619 1268 651; x_wconf 88' lang='lat'>»</span> <span class='ocrx_word' id='word_1_28' title='bbox 1302 597 1490 673; x_wconf 81' lang='lat' dir='ltr'>(Ibid.)</span> <span class='ocrx_word' id='word_1_29' title='bbox 1868 674 1870 676; x_wconf 6' lang='lat' dir='ltr'><em>r</em></span> 
     </span>
    </p>

    <p class='ocr_par' dir='ltr' id='par_1_3' title="bbox 306 697 2238 1276">
     <span class='ocr_line' id='line_1_5' title="bbox 384 697 2228 773; baseline -0.002 -13"><span class='ocrx_word' id='word_1_30' title='bbox 384 704 592 761; x_wconf 86' lang='lat' dir='ltr'>Nititur</span> <span class='ocrx_word' id='word_1_31' title='bbox 615 699 879 756; x_wconf 87' lang='lat' dir='ltr'>Melchior</span> <span class='ocrx_word' id='word_1_32' title='bbox 904 697 1083 754; x_wconf 91' lang='lat' dir='ltr'>Canus</span> <span class='ocrx_word' id='word_1_33' title='bbox 1110 698 1216 754; x_wconf 91' lang='lat' dir='ltr'>hac</span> <span class='ocrx_word' id='word_1_34' title='bbox 1247 697 1486 767; x_wconf 89' lang='lat' dir='ltr'>ratione,</span> <span class='ocrx_word' id='word_1_35' title='bbox 1513 697 1663 772; x_wconf 93' lang='lat' dir='ltr'>quod</span> <span class='ocrx_word' id='word_1_36' title='bbox 1689 703 1929 773; x_wconf 85' lang='lat' dir='ltr'>nequeat</span> <span class='ocrx_word' id='word_1_37' title='bbox 1959 699 2228 768; x_wconf 81' lang='lat' dir='ltr'>Ecclesia,</span> 
     </span>
     <span class='ocr_line' id='line_1_6' title="bbox 309 798 2231 876; baseline -0.002 -16"><span class='ocrx_word' id='word_1_38' title='bbox 309 806 547 876; x_wconf 86' lang='lat' dir='ltr'>nequeat</span> <span class='ocrx_word' id='word_1_39' title='bbox 583 801 729 855; x_wconf 91' lang='lat' dir='ltr'>Deus</span> <span class='ocrx_word' id='word_1_40' title='bbox 767 798 1113 873; x_wconf 87' lang='lat' dir='ltr'>permittere,</span> <span class='ocrx_word' id='word_1_41' title='bbox 1140 802 1204 854; x_wconf 91' lang='lat' dir='ltr'>ut</span> <span class='ocrx_word' id='word_1_42' title='bbox 1240 798 1483 873; x_wconf 87' lang='lat' dir='ltr'>theologi</span> <span class='ocrx_word' id='word_1_43' title='bbox 1511 798 1715 855; x_wconf 86' lang='lat' dir='ltr'>scholae</span> <span class='ocrx_word' id='word_1_44' title='bbox 1750 817 2001 856; x_wconf 84' lang='lat' dir='ltr'>errorem</span> <span class='ocrx_word' id='word_1_45' title='bbox 2045 800 2231 873; x_wconf 88' lang='lat' dir='ltr'>quoad</span> 
     </span>
     <span class='ocr_line' id='line_1_7' title="bbox 307 897 2236 958; baseline -0.001 0"><span class='ocrx_word' id='word_1_46' title='bbox 307 903 477 958; x_wconf 89' lang='lat' dir='ltr'>fidem</span> <span class='ocrx_word' id='word_1_47' title='bbox 505 904 600 955; x_wconf 92' lang='lat' dir='ltr'>aut</span> <span class='ocrx_word' id='word_1_48' title='bbox 636 916 821 954; x_wconf 91' lang='lat' dir='ltr'>mores</span> <span class='ocrx_word' id='word_1_49' title='bbox 850 897 1139 955; x_wconf 92' lang='lat' dir='ltr'>communi</span> <span class='ocrx_word' id='word_1_50' title='bbox 1169 915 1445 954; x_wconf 90' lang='lat' dir='ltr'>consensu</span> <span class='ocrx_word' id='word_1_51' title='bbox 1473 898 1725 955; x_wconf 88' lang='lat' dir='ltr'>doceant.</span> <span class='ocrx_word' id='word_1_52' title='bbox 1769 898 2066 956; x_wconf 88' lang='lat' dir='ltr'>Enimvero</span> <span class='ocrx_word' id='word_1_53' title='bbox 2098 904 2236 958; x_wconf 92' lang='lat' dir='ltr'>tunc</span> 
     </span>
     <span class='ocr_line' id='line_1_8' title="bbox 306 998 2237 1074; baseline -0.001 -16"><span class='ocrx_word' id='word_1_54' title='bbox 306 1000 550 1058; x_wconf 81' lang='lat' dir='ltr'>Ecclesia</span> <span class='ocrx_word' id='word_1_55' title='bbox 580 999 771 1057; x_wconf 74' lang='lat' dir='ltr'>Christi</span> <span class='ocrx_word' id='word_1_56' title='bbox 803 1000 983 1072; x_wconf 78' lang='lat' dir='ltr'>fideles</span> <span class='ocrx_word' id='word_1_57' title='bbox 1007 1017 1103 1054; x_wconf 81' lang='lat' dir='ltr'>suo</span> <span class='ocrx_word' id='word_1_58' title='bbox 1133 999 1342 1054; x_wconf 80' lang='lat' dir='ltr'>silentio</span> <span class='ocrx_word' id='word_1_59' title='bbox 1379 998 1659 1072; x_wconf 80' lang='lat' dir='ltr'>deciperet,</span> <span class='ocrx_word' id='word_1_60' title='bbox 1696 1007 1853 1072; x_wconf 77' lang='lat' dir='ltr'>atque</span> <span class='ocrx_word' id='word_1_61' title='bbox 1881 1000 2022 1055; x_wconf 76' lang='lat' dir='ltr'>Deus</span> <span class='ocrx_word' id='word_1_62' title='bbox 2056 1002 2170 1074; x_wconf 76' lang='lat' dir='ltr'>ipse</span> <span class='ocrx_word' id='word_1_63' title='bbox 2191 1003 2237 1056; x_wconf 76' lang='lat' dir='ltr'>si</span> 
     </span>
     <span class='ocr_line' id='line_1_9' title="bbox 308 1092 2238 1175; baseline -0.002 -16"><span class='ocrx_word' id='word_1_64' title='bbox 308 1103 670 1175; x_wconf 76' lang='lat' dir='ltr'>theoloqorum</span> <span class='ocrx_word' id='word_1_65' title='bbox 696 1103 929 1157; x_wconf 78' lang='lat' dir='ltr'>omnium</span> <span class='ocrx_word' id='word_1_66' title='bbox 952 1118 1184 1156; x_wconf 84' lang='lat' dir='ltr'>errorem</span> <span class='ocrx_word' id='word_1_67' title='bbox 1206 1118 1311 1156; x_wconf 79' lang='lat' dir='ltr'>non</span> <span class='ocrx_word' id='word_1_68' title='bbox 1350 1092 1600 1172; x_wconf 74' lang='lat' dir='ltr'>aperiret,</span> <span class='ocrx_word' id='word_1_69' title='bbox 1643 1101 1699 1155; x_wconf 79' lang='lat' dir='ltr'>in</span> <span class='ocrx_word' id='word_1_70' title='bbox 1728 1102 2039 1156; x_wconf 76' lang='lat' dir='ltr'>necessariis</span> <span class='ocrx_word' id='word_1_71' title='bbox 2072 1103 2238 1157; x_wconf 78' lang='lat' dir='ltr'>chris-</span> 
     </span>
     <span class='ocr_line' id='line_1_10' title="bbox 309 1198 1354 1276; baseline -0.006 -17"><span class='ocrx_word' id='word_1_72' title='bbox 309 1205 455 1259; x_wconf 82' lang='lat' dir='ltr'>tiano</span> <span class='ocrx_word' id='word_1_73' title='bbox 480 1201 677 1276; x_wconf 79' lang='lat' dir='ltr'>populo</span> <span class='ocrx_word' id='word_1_74' title='bbox 720 1201 920 1255; x_wconf 79' lang='lat' dir='ltr'>deesset</span> <span class='ocrx_word' id='word_1_75' title='bbox 964 1198 1107 1273; x_wconf 94' lang='lat' dir='ltr'>(loco</span> <span class='ocrx_word' id='word_1_76' title='bbox 1143 1198 1354 1271; x_wconf 87' lang='lat' dir='ltr'>citato).</span> 
     </span>
    </p>

    <p class='ocr_par' dir='ltr' id='par_1_4' title="bbox 309 1297 2245 2374">
     <span class='ocr_line' id='line_1_11' title="bbox 384 1297 2243 1374; baseline -0.002 -16"><span class='ocrx_word' id='word_1_77' title='bbox 384 1303 617 1358; x_wconf 88' lang='lat' dir='ltr'>Notetur</span> <span class='ocrx_word' id='word_1_78' title='bbox 639 1306 830 1356; x_wconf 91' lang='lat' dir='ltr'>autem</span> <span class='ocrx_word' id='word_1_79' title='bbox 864 1299 1053 1374; x_wconf 89' lang='lat' dir='ltr'>ipsum</span> <span class='ocrx_word' id='word_1_80' title='bbox 1081 1298 1160 1354; x_wconf 87' lang='lat' dir='ltr'>ibi</span> <span class='ocrx_word' id='word_1_81' title='bbox 1183 1317 1243 1354; x_wconf 86' lang='lat' dir='ltr'>ex</span> <span class='ocrx_word' id='word_1_82' title='bbox 1272 1297 1524 1373; x_wconf 87' lang='lat' dir='ltr'>professo</span> <span class='ocrx_word' id='word_1_83' title='bbox 1556 1297 1738 1371; x_wconf 88' lang='lat' dir='ltr'>loqui,</span> <span class='ocrx_word' id='word_1_84' title='bbox 1773 1316 1885 1354; x_wconf 93' lang='lat' dir='ltr'>non</span> <span class='ocrx_word' id='word_1_85' title='bbox 1912 1298 1980 1354; x_wconf 94' lang='lat' dir='ltr'>de</span> <span class='ocrx_word' id='word_1_86' title='bbox 2015 1303 2129 1354; x_wconf 92' lang='lat' dir='ltr'>tota</span> <span class='ocrx_word' id='word_1_87' title='bbox 2159 1316 2243 1355; x_wconf 90' lang='lat' dir='ltr'>se-</span> 
     </span>
     <span class='ocr_line' id='line_1_12' title="bbox 309 1397 2230 1470; baseline -0.003 -12"><span class='ocrx_word' id='word_1_88' title='bbox 309 1403 390 1460; x_wconf 88' lang='lat' dir='ltr'>rie</span> <span class='ocrx_word' id='word_1_89' title='bbox 416 1403 712 1459; x_wconf 90' lang='lat' dir='ltr'>doctorum</span> <span class='ocrx_word' id='word_1_90' title='bbox 752 1400 820 1455; x_wconf 87' lang='lat' dir='ltr'>ab</span> <span class='ocrx_word' id='word_1_91' title='bbox 858 1398 1115 1456; x_wconf 85' lang='lat' dir='ltr'>Ecclesiae</span> <span class='ocrx_word' id='word_1_92' title='bbox 1147 1397 1528 1463; x_wconf 83' lang='lat' dir='ltr'>incunabuliS‚</span> <span class='ocrx_word' id='word_1_93' title='bbox 1566 1397 1680 1453; x_wconf 89' lang='lat' dir='ltr'>imo</span> <span class='ocrx_word' id='word_1_94' title='bbox 1723 1415 1828 1453; x_wconf 92' lang='lat' dir='ltr'>nec</span> <span class='ocrx_word' id='word_1_95' title='bbox 1865 1397 1932 1453; x_wconf 93' lang='lat' dir='ltr'>de</span> <span class='ocrx_word' id='word_1_96' title='bbox 1958 1397 2230 1470; x_wconf 91' lang='lat' dir='ltr'>theologis</span> 
     </span>
     <span class='ocr_line' id='line_1_13' title="bbox 311 1497 2241 1572; baseline -0.003 -13"><span class='ocrx_word' id='word_1_97' title='bbox 311 1503 471 1559; x_wconf 88' lang='lat' dir='ltr'>Petro</span> <span class='ocrx_word' id='word_1_98' title='bbox 510 1498 816 1557; x_wconf 85' lang='lat' dir='ltr'>Lombardo</span> <span class='ocrx_word' id='word_1_99' title='bbox 842 1518 943 1557; x_wconf 93' lang='lat' dir='ltr'>seu</span> <span class='ocrx_word' id='word_1_100' title='bbox 978 1498 1246 1572; x_wconf 90' lang='lat' dir='ltr'>magistro</span> <span class='ocrx_word' id='word_1_101' title='bbox 1271 1497 1677 1555; x_wconf 89' lang='lat' dir='ltr'>sententiarum</span> <span class='ocrx_word' id='word_1_102' title='bbox 1704 1497 2104 1565; x_wconf 80' lang='lat' dir='ltr'>anterioribuS,</span> <span class='ocrx_word' id='word_1_103' title='bbox 2145 1497 2241 1553; x_wconf 91' lang='lat' dir='ltr'>sed</span> 
     </span>
     <span class='ocr_line' id='line_1_14' title="bbox 315 1596 2237 1674; baseline -0.003 -16"><span class='ocrx_word' id='word_1_104' title='bbox 315 1602 686 1659; x_wconf 88' lang='lat' dir='ltr'>determinate</span> <span class='ocrx_word' id='word_1_105' title='bbox 715 1606 769 1656; x_wconf 88' lang='lat' dir='ltr'>et</span> <span class='ocrx_word' id='word_1_106' title='bbox 803 1598 1034 1674; x_wconf 85' lang='lat' dir='ltr'>praecise</span> <span class='ocrx_word' id='word_1_107' title='bbox 1060 1598 1126 1655; x_wconf 92' lang='lat' dir='ltr'>de</span> <span class='ocrx_word' id='word_1_108' title='bbox 1153 1597 1287 1654; x_wconf 92' lang='lat' dir='ltr'>solis</span> <span class='ocrx_word' id='word_1_109' title='bbox 1311 1596 1657 1663; x_wconf 77' lang='lat' dir='ltr'>scholasticis,</span> <span class='ocrx_word' id='word_1_110' title='bbox 1690 1596 1746 1652; x_wconf 91' lang='lat' dir='ltr'>id</span> <span class='ocrx_word' id='word_1_111' title='bbox 1774 1602 1879 1664; x_wconf 87' lang='lat' dir='ltr'>est,</span> <span class='ocrx_word' id='word_1_112' title='bbox 1916 1596 2013 1670; x_wconf 91' lang='lat' dir='ltr'>qui</span> <span class='ocrx_word' id='word_1_113' title='bbox 2041 1615 2070 1652; x_wconf 89' lang='lat' dir='ltr'>a</span> <span class='ocrx_word' id='word_1_114' title='bbox 2096 1601 2237 1653; x_wconf 92' lang='lat' dir='ltr'>tem-</span> 
     </span>
     <span class='ocr_line' id='line_1_15' title="bbox 315 1695 2242 1778; baseline -0.004 -21"><span class='ocrx_word' id='word_1_115' title='bbox 315 1720 452 1778; x_wconf 85' lang='lat' dir='ltr'>pore</span> <span class='ocrx_word' id='word_1_116' title='bbox 484 1701 679 1756; x_wconf 78' lang='lat' dir='ltr'>scholae</span> <span class='ocrx_word' id='word_1_117' title='bbox 711 1718 812 1755; x_wconf 90' lang='lat' dir='ltr'>seu</span> <span class='ocrx_word' id='word_1_118' title='bbox 838 1697 1093 1771; x_wconf 81' lang='lat' dir='ltr'>magistri</span> <span class='ocrx_word' id='word_1_119' title='bbox 1120 1695 1548 1761; x_wconf 90' lang='lat' dir='ltr'>sententiarum,</span> <span class='ocrx_word' id='word_1_120' title='bbox 1579 1714 1760 1769; x_wconf 93' lang='lat' dir='ltr'>usque</span> <span class='ocrx_word' id='word_1_121' title='bbox 1795 1695 1862 1751; x_wconf 91' lang='lat' dir='ltr'>ad</span> <span class='ocrx_word' id='word_1_122' title='bbox 1889 1695 2077 1768; x_wconf 91' lang='lat' dir='ltr'>ipsum</span> <span class='ocrx_word' id='word_1_123' title='bbox 2115 1695 2242 1751; x_wconf 89' lang='lat' dir='ltr'>Mel-</span> 
     </span>
     <span class='ocr_line' id='line_1_16' title="bbox 316 1794 2239 1874; baseline -0.005 -14"><span class='ocrx_word' id='word_1_124' title='bbox 316 1803 570 1860; x_wconf 88' lang='lat' dir='ltr'>chiorem</span> <span class='ocrx_word' id='word_1_125' title='bbox 591 1801 824 1866; x_wconf 92' lang='lat' dir='ltr'>Canum,</span> <span class='ocrx_word' id='word_1_126' title='bbox 855 1799 1198 1874; x_wconf 81' lang='lat' dir='ltr'>scripserant</span> <span class='ocrx_word' id='word_1_127' title='bbox 1222 1802 1276 1853; x_wconf 85' lang='lat' dir='ltr'>et</span> <span class='ocrx_word' id='word_1_128' title='bbox 1297 1797 1623 1852; x_wconf 89' lang='lat' dir='ltr'>docuerant.</span> <span class='ocrx_word' id='word_1_129' title='bbox 1647 1794 1837 1859; x_wconf 88' lang='lat' dir='ltr'>Quoad</span> <span class='ocrx_word' id='word_1_130' title='bbox 1867 1794 1967 1850; x_wconf 89' lang='lat' dir='ltr'>hos</span> <span class='ocrx_word' id='word_1_131' title='bbox 2003 1794 2239 1851; x_wconf 91' lang='lat' dir='ltr'>seorsim</span> 
     </span>
     <span class='ocr_line' id='line_1_17' title="bbox 318 1893 2245 1976; baseline -0.005 -18"><span class='ocrx_word' id='word_1_132' title='bbox 318 1907 575 1976; x_wconf 91' lang='lat' dir='ltr'>sumptos</span> <span class='ocrx_word' id='word_1_133' title='bbox 613 1901 773 1956; x_wconf 88' lang='lat' dir='ltr'>docet</span> <span class='ocrx_word' id='word_1_134' title='bbox 812 1899 1013 1968; x_wconf 90' lang='lat' dir='ltr'>Canus,</span> <span class='ocrx_word' id='word_1_135' title='bbox 1054 1915 1174 1953; x_wconf 89' lang='lat' dir='ltr'>esse</span> <span class='ocrx_word' id='word_1_136' title='bbox 1203 1894 1613 1970; x_wconf 90' lang='lat' dir='ltr'>impudentiam</span> <span class='ocrx_word' id='word_1_137' title='bbox 1651 1899 1706 1950; x_wconf 92' lang='lat' dir='ltr'>et</span> <span class='ocrx_word' id='word_1_138' title='bbox 1738 1893 2108 1950; x_wconf 88' lang='lat' dir='ltr'>temeritatem</span> <span class='ocrx_word' id='word_1_139' title='bbox 2147 1895 2245 1950; x_wconf 82' lang='lat' dir='ltr'>hae-</span> 
     </span>
     <span class='ocr_line' id='line_1_18' title="bbox 315 1993 2241 2074; baseline -0.003 -18"><span class='ocrx_word' id='word_1_140' title='bbox 315 2004 420 2057; x_wconf 77' lang='lat' dir='ltr'>resi</span> <span class='ocrx_word' id='word_1_141' title='bbox 441 2003 765 2074; x_wconf 72' lang='lat' dir='ltr'>proscimam,</span> <span class='ocrx_word' id='word_1_142' title='bbox 793 1998 838 2054; x_wconf 93' lang='lat' dir='ltr'>si</span> <span class='ocrx_word' id='word_1_143' title='bbox 863 1997 990 2071; x_wconf 90' lang='lat' dir='ltr'>quis</span> <span class='ocrx_word' id='word_1_144' title='bbox 1025 2014 1220 2053; x_wconf 90' lang='lat' dir='ltr'>eorum</span> <span class='ocrx_word' id='word_1_145' title='bbox 1243 1994 1511 2052; x_wconf 86' lang='lat' dir='ltr'>doctrinae</span> <span class='ocrx_word' id='word_1_146' title='bbox 1536 1993 1901 2061; x_wconf 86' lang='lat' dir='ltr'>contradicat,</span> <span class='ocrx_word' id='word_1_147' title='bbox 1933 1994 2241 2050; x_wconf 91' lang='lat' dir='ltr'>dummodo</span> 
     </span>
     <span class='ocr_line' id='line_1_19' title="bbox 319 2095 2241 2170; baseline -0.004 -12"><span class='ocrx_word' id='word_1_148' title='bbox 319 2101 571 2158; x_wconf 89' lang='lat' dir='ltr'>doctrina</span> <span class='ocrx_word' id='word_1_149' title='bbox 599 2102 715 2156; x_wconf 74' lang='lat' dir='ltr'>haec</span> <span class='ocrx_word' id='word_1_150' title='bbox 746 2099 819 2155; x_wconf 92' lang='lat' dir='ltr'>sit</span> <span class='ocrx_word' id='word_1_151' title='bbox 843 2100 1129 2164; x_wconf 74' lang='lat' dir='ltr'>unanimis,</span> <span class='ocrx_word' id='word_1_152' title='bbox 1162 2102 1530 2170; x_wconf 84' lang='lat' dir='ltr'>verseturque</span> <span class='ocrx_word' id='word_1_153' title='bbox 1554 2098 1695 2151; x_wconf 77' lang='lat' dir='ltr'>circa</span> <span class='ocrx_word' id='word_1_154' title='bbox 1727 2096 1914 2167; x_wconf 72' lang='lat' dir='ltr'>doymo</span> <span class='ocrx_word' id='word_1_155' title='bbox 1939 2095 2019 2149; x_wconf 85' lang='lat' dir='ltr'>vel</span> <span class='ocrx_word' id='word_1_156' title='bbox 2044 2113 2241 2160; x_wconf 82' lang='lat' dir='ltr'>mores,</span> 
     </span>
     <span class='ocr_line' id='line_1_20' title="bbox 319 2196 2245 2276; baseline -0.004 -18"><span class='ocrx_word' id='word_1_157' title='bbox 319 2210 374 2259; x_wconf 91' lang='lat' dir='ltr'>et</span> <span class='ocrx_word' id='word_1_158' title='bbox 400 2204 789 2276; x_wconf 87' lang='lat' dir='ltr'>propugnetur</span> <span class='ocrx_word' id='word_1_159' title='bbox 819 2204 1088 2272; x_wconf 83' lang='lat' dir='ltr'>tanquam</span> <span class='ocrx_word' id='word_1_160' title='bbox 1121 2204 1265 2252; x_wconf 81' lang='lat' dir='ltr'>certa</span> <span class='ocrx_word' id='word_1_161' title='bbox 1283 2204 1332 2251; x_wconf 83' lang='lat' dir='ltr'>et</span> <span class='ocrx_word' id='word_1_162' title='bbox 1358 2196 1603 2260; x_wconf 81' lang='lat' dir='ltr'>tenenda,</span> <span class='ocrx_word' id='word_1_163' title='bbox 1635 2212 1745 2250; x_wconf 89' lang='lat' dir='ltr'>non</span> <span class='ocrx_word' id='word_1_164' title='bbox 1770 2199 1958 2249; x_wconf 89' lang='lat' dir='ltr'>autem</span> <span class='ocrx_word' id='word_1_165' title='bbox 1978 2201 2245 2268; x_wconf 81' lang='lat' dir='ltr'>tanquam</span> 
     </span>
     <span class='ocr_line' id='line_1_21' title="bbox 322 2294 1250 2374; baseline -0.008 -19"><span class='ocrx_word' id='word_1_166' title='bbox 322 2299 511 2374; x_wconf 89' lang='lat' dir='ltr'>opinio</span> <span class='ocrx_word' id='word_1_167' title='bbox 542 2315 665 2371; x_wconf 78' lang='lat' dir='ltr'>quae</span> <span class='ocrx_word' id='word_1_168' title='bbox 691 2296 844 2351; x_wconf 88' lang='lat' dir='ltr'>licite</span> <span class='ocrx_word' id='word_1_169' title='bbox 869 2295 1027 2368; x_wconf 81' lang='lat' dir='ltr'>rejici</span> <span class='ocrx_word' id='word_1_170' title='bbox 1051 2294 1250 2350; x_wconf 86' lang='lat' dir='ltr'>valeat.</span> 
     </span>
    </p>

    <p class='ocr_par' dir='ltr' id='par_1_5' title="bbox 325 2390 2250 2664">
     <span class='ocr_line' id='line_1_22' title="bbox 398 2390 2246 2459; baseline -0.003 -7"><span class='ocrx_word' id='word_1_171' title='bbox 398 2399 463 2452; x_wconf 91' lang='lat' dir='ltr'>H.</span> <span class='ocrx_word' id='word_1_172' title='bbox 514 2395 667 2459; x_wconf 81' lang='lat' dir='ltr'>Quod</span> <span class='ocrx_word' id='word_1_173' title='bbox 714 2393 940 2449; x_wconf 87' lang='lat' dir='ltr'>tradidit</span> <span class='ocrx_word' id='word_1_174' title='bbox 969 2392 1234 2448; x_wconf 86' lang='lat' dir='ltr'>Melchior</span> <span class='ocrx_word' id='word_1_175' title='bbox 1267 2391 1447 2448; x_wconf 91' lang='lat' dir='ltr'>Canus</span> <span class='ocrx_word' id='word_1_176' title='bbox 1481 2391 1550 2447; x_wconf 93' lang='lat' dir='ltr'>de</span> <span class='ocrx_word' id='word_1_177' title='bbox 1585 2391 1916 2447; x_wconf 88' lang='lat' dir='ltr'>auctoritate</span> <span class='ocrx_word' id='word_1_178' title='bbox 1953 2390 2246 2447; x_wconf 88' lang='lat' dir='ltr'>doctorum</span> 
     </span>
     <span class='ocr_line' id='line_1_23' title="bbox 325 2490 2250 2567; baseline -0.004 -14"><span class='ocrx_word' id='word_1_179' title='bbox 325 2495 548 2561; x_wconf 84' lang='lat' dir='ltr'>scholae,</span> <span class='ocrx_word' id='word_1_180' title='bbox 580 2513 681 2567; x_wconf 88' lang='lat' dir='ltr'>pro</span> <span class='ocrx_word' id='word_1_181' title='bbox 710 2492 1026 2548; x_wconf 88' lang='lat' dir='ltr'>indubitata</span> <span class='ocrx_word' id='word_1_182' title='bbox 1051 2491 1243 2565; x_wconf 85' lang='lat' dir='ltr'>regula</span> <span class='ocrx_word' id='word_1_183' title='bbox 1271 2491 1592 2547; x_wconf 85' lang='lat' dir='ltr'>habuerunt</span> <span class='ocrx_word' id='word_1_184' title='bbox 1618 2490 1908 2546; x_wconf 89' lang='lat' dir='ltr'>subsecuti</span> <span class='ocrx_word' id='word_1_185' title='bbox 1945 2490 2250 2564; x_wconf 86' lang='lat' dir='ltr'>scriptores</span> 
     </span>
     <span class='ocr_line' id='line_1_24' title="bbox 325 2593 1146 2664; baseline -0.01 -10"><span class='ocrx_word' id='word_1_186' title='bbox 325 2594 608 2654; x_wconf 84' lang='lat' dir='ltr'>catholici.</span> <span class='ocrx_word' id='word_1_187' title='bbox 644 2594 708 2649; x_wconf 90' lang='lat' dir='ltr'>Et</span> <span class='ocrx_word' id='word_1_188' title='bbox 736 2593 958 2649; x_wconf 84' lang='lat' dir='ltr'>meritO.</span> <span class='ocrx_word' id='word_1_189' title='bbox 985 2593 1146 2664; x_wconf 90' lang='lat' dir='ltr'>Nam,</span> 
     </span>
    </p>

    <p class='ocr_par' dir='ltr' id='par_1_6' title="bbox 325 2686 2259 3552">
     <span class='ocr_line' id='line_1_25' title="bbox 402 2686 2250 2766; baseline -0.003 -19"><span class='ocrx_word' id='word_1_190' title='bbox 402 2692 493 2747; x_wconf 88' lang='lat'><em>111.</em></span> <span class='ocrx_word' id='word_1_191' title='bbox 534 2692 733 2746; x_wconf 87' lang='lat' dir='ltr'>Contra</span> <span class='ocrx_word' id='word_1_192' title='bbox 770 2690 1076 2746; x_wconf 88' lang='lat' dir='ltr'>Ecclesiam</span> <span class='ocrx_word' id='word_1_193' title='bbox 1109 2690 1476 2766; x_wconf 86' lang='lat' dir='ltr'>praevalerent</span> <span class='ocrx_word' id='word_1_194' title='bbox 1517 2688 1686 2745; x_wconf 88' lang='lat' dir='ltr'>inferi</span> <span class='ocrx_word' id='word_1_195' title='bbox 1726 2694 1900 2763; x_wconf 86' lang='lat' dir='ltr'>portae</span> <span class='ocrx_word' id='word_1_196' title='bbox 1942 2687 1988 2742; x_wconf 90' lang='lat' dir='ltr'>si</span> <span class='ocrx_word' id='word_1_197' title='bbox 2031 2686 2250 2743; x_wconf 90' lang='lat' dir='ltr'>contin-</span> 
     </span>
     <span class='ocr_line' id='line_1_26' title="bbox 326 2786 2249 2866; baseline -0.005 -18"><span class='ocrx_word' id='word_1_198' title='bbox 326 2809 455 2866; x_wconf 86' lang='lat' dir='ltr'>gere</span> <span class='ocrx_word' id='word_1_199' title='bbox 492 2795 681 2864; x_wconf 89' lang='lat' dir='ltr'>posset</span> <span class='ocrx_word' id='word_1_200' title='bbox 719 2807 818 2864; x_wconf 90' lang='lat' dir='ltr'>per</span> <span class='ocrx_word' id='word_1_201' title='bbox 859 2788 1166 2845; x_wconf 88' lang='lat' dir='ltr'>notabilem</span> <span class='ocrx_word' id='word_1_202' title='bbox 1203 2788 1450 2862; x_wconf 91' lang='lat' dir='ltr'>aliquem</span> <span class='ocrx_word' id='word_1_203' title='bbox 1491 2786 1765 2862; x_wconf 89' lang='lat' dir='ltr'>temporis</span> <span class='ocrx_word' id='word_1_204' title='bbox 1809 2791 2073 2851; x_wconf 85' lang='lat' dir='ltr'>tractum,</span> <span class='ocrx_word' id='word_1_205' title='bbox 2121 2790 2173 2841; x_wconf 88' lang='lat' dir='ltr'>et</span> <span class='ocrx_word' id='word_1_206' title='bbox 2219 2803 2249 2839; x_wconf 90' lang='lat' dir='ltr'>a</span> 
     </span>
     <span class='ocr_line' id='line_1_27' title="bbox 325 2887 2248 2965; baseline -0.005 -17"><span class='ocrx_word' id='word_1_207' title='bbox 325 2891 545 2948; x_wconf 88' lang='lat' dir='ltr'>fortiori</span> <span class='ocrx_word' id='word_1_208' title='bbox 594 2908 694 2965; x_wconf 88' lang='lat' dir='ltr'>per</span> <span class='ocrx_word' id='word_1_209' title='bbox 734 2890 895 2964; x_wconf 86' lang='lat' dir='ltr'>plura</span> <span class='ocrx_word' id='word_1_210' title='bbox 938 2889 1170 2955; x_wconf 82' lang='lat' dir='ltr'>saecula,</span> <span class='ocrx_word' id='word_1_211' title='bbox 1217 2894 1488 2961; x_wconf 89' lang='lat' dir='ltr'>tanquam</span> <span class='ocrx_word' id='word_1_212' title='bbox 1529 2892 1747 2944; x_wconf 89' lang='lat' dir='ltr'>certum</span> <span class='ocrx_word' id='word_1_213' title='bbox 1786 2887 1987 2959; x_wconf 89' lang='lat' dir='ltr'>dogma</span> <span class='ocrx_word' id='word_1_214' title='bbox 2031 2902 2248 2960; x_wconf 88' lang='lat' dir='ltr'>propu-</span> 
     </span>
     <span class='ocr_line' id='line_1_28' title="bbox 326 2980 2251 3063; baseline -0.006 -18"><span class='ocrx_word' id='word_1_215' title='bbox 326 2989 486 3063; x_wconf 89' lang='lat' dir='ltr'>gnari</span> <span class='ocrx_word' id='word_1_216' title='bbox 527 2989 595 3044; x_wconf 87' lang='lat' dir='ltr'>ab</span> <span class='ocrx_word' id='word_1_217' title='bbox 642 2988 905 3043; x_wconf 79' lang='lat' dir='ltr'>omnibus</span> <span class='ocrx_word' id='word_1_218' title='bbox 946 2987 1118 3043; x_wconf 88' lang='lat' dir='ltr'>totius</span> <span class='ocrx_word' id='word_1_219' title='bbox 1160 2985 1312 3042; x_wconf 86' lang='lat' dir='ltr'>orbis</span> <span class='ocrx_word' id='word_1_220' title='bbox 1354 2985 1615 3042; x_wconf 90' lang='lat' dir='ltr'>catholici</span> <span class='ocrx_word' id='word_1_221' title='bbox 1655 2984 1954 3056; x_wconf 85' lang='lat' dir='ltr'>theologiS,</span> <span class='ocrx_word' id='word_1_222' title='bbox 1998 2981 2149 3054; x_wconf 93' lang='lat' dir='ltr'>quod</span> <span class='ocrx_word' id='word_1_223' title='bbox 2190 2980 2251 3034; x_wconf 90' lang='lat' dir='ltr'>in</span> 
     </span>
     <span class='ocr_line' id='line_1_29' title="bbox 329 3079 2252 3154; baseline -0.005 -10"><span class='ocrx_word' id='word_1_224' title='bbox 329 3088 563 3145; x_wconf 86' lang='lat' dir='ltr'>materia</span> <span class='ocrx_word' id='word_1_225' title='bbox 602 3087 733 3144; x_wconf 88' lang='lat' dir='ltr'>fidei</span> <span class='ocrx_word' id='word_1_226' title='bbox 775 3087 863 3143; x_wconf 78' lang='lat' dir='ltr'>vel</span> <span class='ocrx_word' id='word_1_227' title='bbox 891 3105 1117 3143; x_wconf 89' lang='lat' dir='ltr'>morum</span> <span class='ocrx_word' id='word_1_228' title='bbox 1143 3091 1290 3142; x_wconf 89' lang='lat' dir='ltr'>esset</span> <span class='ocrx_word' id='word_1_229' title='bbox 1317 3103 1640 3142; x_wconf 89' lang='lat' dir='ltr'>erroneum.</span> <span class='ocrx_word' id='word_1_230' title='bbox 1673 3085 1732 3139; x_wconf 87' lang='lat' dir='ltr'>ln</span> <span class='ocrx_word' id='word_1_231' title='bbox 1760 3081 2010 3139; x_wconf 89' lang='lat' dir='ltr'>docendo</span> <span class='ocrx_word' id='word_1_232' title='bbox 2040 3079 2252 3154; x_wconf 91' lang='lat' dir='ltr'>quippe</span> 
     </span>
     <span class='ocr_line' id='line_1_30' title="bbox 330 3181 2249 3262; baseline -0.006 -16"><span class='ocrx_word' id='word_1_233' title='bbox 330 3188 638 3246; x_wconf 89' lang='lat' dir='ltr'>christiano</span> <span class='ocrx_word' id='word_1_234' title='bbox 669 3188 897 3262; x_wconf 91' lang='lat' dir='ltr'>populo,</span> <span class='ocrx_word' id='word_1_235' title='bbox 929 3194 982 3243; x_wconf 90' lang='lat' dir='ltr'>et</span> <span class='ocrx_word' id='word_1_236' title='bbox 1010 3187 1266 3262; x_wconf 91' lang='lat' dir='ltr'>parochi,</span> <span class='ocrx_word' id='word_1_237' title='bbox 1296 3192 1351 3242; x_wconf 93' lang='lat' dir='ltr'>et</span> <span class='ocrx_word' id='word_1_238' title='bbox 1376 3185 1486 3260; x_wconf 93' lang='lat' dir='ltr'>ipsi</span> <span class='ocrx_word' id='word_1_239' title='bbox 1512 3185 1682 3242; x_wconf 89' lang='lat' dir='ltr'>etiam</span> <span class='ocrx_word' id='word_1_240' title='bbox 1714 3181 1972 3258; x_wconf 91' lang='lat' dir='ltr'>Episcopi</span> <span class='ocrx_word' id='word_1_241' title='bbox 2001 3197 2249 3254; x_wconf 90' lang='lat' dir='ltr'>sequun-</span> 
     </span>
     <span class='ocr_line' id='line_1_31' title="bbox 332 3282 2257 3360; baseline -0.006 -16"><span class='ocrx_word' id='word_1_242' title='bbox 332 3296 448 3358; x_wconf 87' lang='lat' dir='ltr'>tur,</span> <span class='ocrx_word' id='word_1_243' title='bbox 484 3286 600 3341; x_wconf 91' lang='lat' dir='ltr'>imo</span> <span class='ocrx_word' id='word_1_244' title='bbox 643 3292 696 3342; x_wconf 88' lang='lat' dir='ltr'>et</span> <span class='ocrx_word' id='word_1_245' title='bbox 735 3286 896 3360; x_wconf 90' lang='lat' dir='ltr'>sequi</span> <span class='ocrx_word' id='word_1_246' title='bbox 921 3291 1207 3353; x_wconf 90' lang='lat' dir='ltr'>tenentur,</span> <span class='ocrx_word' id='word_1_247' title='bbox 1238 3284 1388 3360; x_wconf 91' lang='lat' dir='ltr'>quod</span> <span class='ocrx_word' id='word_1_248' title='bbox 1423 3284 1570 3340; x_wconf 90' lang='lat' dir='ltr'>circa</span> <span class='ocrx_word' id='word_1_249' title='bbox 1603 3282 1773 3339; x_wconf 88' lang='lat' dir='ltr'>fidem</span> <span class='ocrx_word' id='word_1_250' title='bbox 1814 3288 1867 3337; x_wconf 86' lang='lat' dir='ltr'>et</span> <span class='ocrx_word' id='word_1_251' title='bbox 1906 3297 2093 3335; x_wconf 89' lang='lat' dir='ltr'>mores</span> <span class='ocrx_word' id='word_1_252' title='bbox 2133 3283 2257 3334; x_wconf 88' lang='lat' dir='ltr'>tan-</span> 
     </span>
     <span class='ocr_line' id='line_1_32' title="bbox 335 3380 2259 3462; baseline -0.006 -19"><span class='ocrx_word' id='word_1_253' title='bbox 335 3405 508 3462; x_wconf 91' lang='lat' dir='ltr'>quam</span> <span class='ocrx_word' id='word_1_254' title='bbox 545 3391 764 3442; x_wconf 90' lang='lat' dir='ltr'>certum</span> <span class='ocrx_word' id='word_1_255' title='bbox 807 3391 860 3441; x_wconf 91' lang='lat' dir='ltr'>et</span> <span class='ocrx_word' id='word_1_256' title='bbox 900 3385 1206 3442; x_wconf 88' lang='lat' dir='ltr'>tenendum</span> <span class='ocrx_word' id='word_1_257' title='bbox 1247 3382 1594 3441; x_wconf 90' lang='lat' dir='ltr'>unanimiter</span> <span class='ocrx_word' id='word_1_258' title='bbox 1618 3382 1849 3438; x_wconf 88' lang='lat' dir='ltr'>tradunt</span> <span class='ocrx_word' id='word_1_259' title='bbox 1886 3380 2142 3436; x_wconf 88' lang='lat' dir='ltr'>doctores</span> <span class='ocrx_word' id='word_1_260' title='bbox 2170 3394 2259 3432; x_wconf 92' lang='lat' dir='ltr'>ca-</span> 
     </span>
     <span class='ocr_line' id='line_1_33' title="bbox 335 3477 2249 3552; baseline -0.007 -11"><span class='ocrx_word' id='word_1_261' title='bbox 335 3483 551 3541; x_wconf 87' lang='lat' dir='ltr'>tholici.</span> <span class='ocrx_word' id='word_1_262' title='bbox 579 3482 709 3547; x_wconf 82' lang='lat' dir='ltr'>Quae</span> <span class='ocrx_word' id='word_1_263' title='bbox 734 3481 1021 3537; x_wconf 85' lang='lat' dir='ltr'>unanimis</span> <span class='ocrx_word' id='word_1_264' title='bbox 1055 3481 1331 3552; x_wconf 86' lang='lat' dir='ltr'>doctrina,</span> <span class='ocrx_word' id='word_1_265' title='bbox 1378 3480 1424 3536; x_wconf 90' lang='lat' dir='ltr'>si</span> <span class='ocrx_word' id='word_1_266' title='bbox 1467 3496 1699 3536; x_wconf 88' lang='lat' dir='ltr'>erronea</span> <span class='ocrx_word' id='word_1_267' title='bbox 1726 3478 1890 3544; x_wconf 90' lang='lat' dir='ltr'>foret,</span> <span class='ocrx_word' id='word_1_268' title='bbox 1933 3477 2031 3532; x_wconf 91' lang='lat' dir='ltr'>illo</span> <span class='ocrx_word' id='word_1_269' title='bbox 2059 3490 2249 3531; x_wconf 90' lang='lat' dir='ltr'>errore</span> 
     </span>
    </p>

    <p class='ocr_par' dir='ltr' id='par_1_7' title="bbox 336 3572 2259 3754">
     <span class='ocr_line' id='line_1_34' title="bbox 336 3572 2259 3659; baseline -0.007 -17"><span class='ocrx_word' id='word_1_270' title='bbox 336 3583 677 3659; x_wconf 86' lang='lat' dir='ltr'>generaliter</span> <span class='ocrx_word' id='word_1_271' title='bbox 691 3582 935 3638; x_wconf 87' lang='lat' dir='ltr'>Ecclesia</span> <span class='ocrx_word' id='word_1_272' title='bbox 959 3582 1306 3650; x_wconf 83' lang='lat' dir='ltr'>inficeretur,</span> <span class='ocrx_word' id='word_1_273' title='bbox 1335 3585 1390 3638; x_wconf 92' lang='lat' dir='ltr'>et</span> <span class='ocrx_word' id='word_1_274' title='bbox 1418 3581 1523 3636; x_wconf 92' lang='lat' dir='ltr'>hoc</span> <span class='ocrx_word' id='word_1_275' title='bbox 1547 3579 1669 3654; x_wconf 90' lang='lat' dir='ltr'>ipso</span> <span class='ocrx_word' id='word_1_276' title='bbox 1691 3596 1821 3635; x_wconf 83' lang='lat' dir='ltr'>vera</span> <span class='ocrx_word' id='word_1_277' title='bbox 1839 3575 2048 3632; x_wconf 91' lang='lat' dir='ltr'>Christi</span> <span class='ocrx_word' id='word_1_278' title='bbox 2074 3572 2259 3629; x_wconf 91' lang='lat' dir='ltr'>Eccle-</span> 
     </span>
     <span class='ocr_line' id='line_1_35' title="bbox 340 3669 2252 3754; baseline -0.008 -14"><span class='ocrx_word' id='word_1_279' title='bbox 340 3683 425 3740; x_wconf 90' lang='lat' dir='ltr'>sia</span> <span class='ocrx_word' id='word_1_280' title='bbox 474 3701 597 3741; x_wconf 91' lang='lat' dir='ltr'>esse</span> <span class='ocrx_word' id='word_1_281' title='bbox 639 3681 940 3739; x_wconf 90' lang='lat' dir='ltr'>desineret.</span> <span class='ocrx_word' id='word_1_282' title='bbox 986 3680 1142 3745; x_wconf 87' lang='lat' dir='ltr'>Quod</span> <span class='ocrx_word' id='word_1_283' title='bbox 1183 3699 1336 3748; x_wconf 91' lang='lat' dir='ltr'>cum,</span> <span class='ocrx_word' id='word_1_284' title='bbox 1389 3683 1569 3738; x_wconf 87' lang='lat' dir='ltr'>stante</span> <span class='ocrx_word' id='word_1_285' title='bbox 1605 3674 1983 3754; x_wconf 91' lang='lat' dir='ltr'>promissione</span> <span class='ocrx_word' id='word_1_286' title='bbox 2026 3669 2252 3740; x_wconf 87' lang='lat' dir='ltr'>Christi,</span> 
     </span>
    </p>
   </div>
  </div>
 </body>
</html>
