2340 3990
376 286 464 335 218
1048 287 1344 336 TRACTATUS
1373 289 1440 336 DE
1469 290 1617 339 PAPA.

375 397 518 457 foret
539 399 708 458 hocce
732 398 862 456 lites
895 395 1190 472 judicandi
1233 397 1498 457 officium.
1546 399 1612 458 Et
1649 400 1708 458 in
1736 401 1972 460 concilio
1999 403 2276 484 Carthagi-

373 497 556 556 niensi
577 499 642 555 IV
671 499 747 554 ita
776 497 1060 555 sancitur:
1090 498 1170 557 Ne
1203 499 1445 557 catholici
1482 501 1626 576 apud
1661 501 1899 575 infideles
1941 521 2126 563 causas
2158 526 2278 583 pro-

368 605 593 674 ponant.
644 595 863 670 (Mami,
909 596 1188 673 appendix
1230 597 1299 654 ad
1353 598 1590 656 concilia
1634 599 1824 658 saeculi
1866 599 2023 672 sexti,
2067 609 2110 660 t.
2147 602 2274 681 VIII,
2330 611 2340 678 l

372 715 429 772 p.
462 694 658 770 1218.)
696 694 864 752 Porro
907 697 982 753 ita
1026 697 1350 768 sanciendO,
1384 698 1627 757 Ecclesia
1663 700 1722 756 in
1761 717 1882 756 rem
1921 701 2277 777 temporalem
2331 728 2340 762 ι

374 800 625 852 statuum
655 795 760 852 sibi
788 796 884 871 jus
921 796 1144 872 aliquod
1168 798 1486 856 vindicavit.
1524 798 1639 856 Tali
1674 798 1881 876 quippe
1917 800 2159 871 decret0‚
2181 821 2278 879 po-

373 894 592 953 testatis
639 894 796 953 laicae
830 896 1138 954 tribunalia
1186 898 1368 972 quoad
1408 897 1604 955 fideles
1639 898 2044 976 supprimebat,
2082 905 2139 957 et
2177 901 2278 963 alia
2337 938 2340 939 ν

373 995 725 1054 instituebat.
771 996 944 1065 Unde,
985 997 1053 1055 ad
1093 997 1377 1056 Christum
1419 1015 1679 1055 conversa
1720 1003 1835 1056 tota
1876 1003 2038 1073 gente
2074 999 2276 1076 aliqua,

370 1094 555 1169 gentis
584 1094 743 1153 illius
777 1112 875 1154 rex
910 1095 1333 1173 praerogativam
1370 1095 1497 1155 lites
1531 1097 1678 1156 inter
1703 1097 1958 1156 subditos
1985 1097 2279 1159 dirimendi

374 1195 678 1253 amisisset.
1539 1177 1547 1183 ’

452 1294 670 1369 objicies
698 1295 772 1352 1⁰.
795 1329 867 1338 --
884 1295 1006 1352 Jam
1032 1300 1193 1353 antea
1216 1295 1285 1354 de
1305 1296 1435 1371 jure
1461 1297 1705 1355 naturali
1732 1296 2064 1354 Christianis
2087 1295 2260 1355 liceba
2337 1315 2340 1368 ι

372 1394 598 1456 Caesaris
631 1394 936 1452 tribunalia
976 1412 1092 1451 non
1131 1395 1305 1463 adire,
1335 1401 1390 1452 et
1415 1395 1542 1454 lites
1583 1415 1714 1454 suas
1740 1415 1841 1472 per
1866 1396 2107 1455 arbitros
2136 1301 2312 1656 com}
2338 1394 2340 1478 ff

370 1514 580 1572 ponere
614 1520 625 1553 ε
662 1514 794 1571 ergo
822 1495 969 1553 dicta
1008 1496 1098 1553 lex
1134 1495 1507 1554 ecclesiastica
1552 1496 1694 1555 nihil
1746 1497 2064 1556 immutavit
2104 1514 2247 1575 quoa
2338 1483 2340 1526 ⁷

372 1593 575 1651 laicam
598 1599 956 1670 potestatem.

451 1692 1075 1767 Respondeo.--Antea
1118 1692 1321 1752 licebat
1351 1694 1579 1770 quidem
1617 1693 1878 1752 fidelibus
1920 1694 2064 1753 dicta
2108 1674 2306 1762 tribu-i

374 1792 523 1849 nalia
552 1811 664 1850 non
692 1792 875 1864 adire3
906 1799 962 1850 at
988 1793 1161 1851 simul
1188 1793 1390 1851 licebat
1418 1795 1589 1852 adire.
1620 1794 1747 1852 Lata
1775 1800 1964 1852 autem
2001 1795 2144 1852 dicta
2170 1795 2303 1870 lege'

372 1892 766 1960 ecclesiastica,
791 1893 911 1969 jam
941 1911 1054 1950 non
1083 1893 1264 1951 licuit.
1305 1895 1445 1970 Ergo
1483 1894 1682 1970 ingens
1710 1913 1739 1952 e
1765 1899 1960 1952 contra
1996 1894 2287 1953 intervenit

372 1995 558 2069 quoad
580 1994 781 2052 laicam
810 2000 1140 2070 potestatem
1170 1995 1509 2052 immutatio,
1539 1996 1671 2053 Nam
1700 1996 1919 2053 secluso
1944 1995 2091 2054 dicto
2113 1996 2284 2054 eccle-

374 2093 599 2151 siastico
622 2094 865 2167 decret0,
894 2095 1171 2171 plurimas
1198 2095 1634 2152 christianorum
1676 2095 1822 2166 lites,
1862 2113 2057 2152 eorum
2089 2112 2286 2172 nempe

377 2195 475 2270 qui
504 2194 840 2252 maluissent
864 2195 1092 2253 Caesaris
1122 2195 1373 2252 tribunal
1405 2194 1581 2263 adire,
1613 2195 1754 2253 laica
1782 2196 2024 2270 potestas
2053 2194 2119 2251 de
2145 2195 2286 2253 facto

372 2295 699 2370 judicasset,
724 2301 778 2353 et
806 2295 1017 2370 dejure
1033 2294 1290 2370 judicare
1316 2295 1609 2370 potuisset.
1644 2296 1710 2351 At
1735 2299 1859 2370 post
1879 2294 2088 2351 editam
2107 2293 2284 2368 legem

377 2394 834 2466 ecclesiasticam,
869 2393 935 2450 de
962 2393 1106 2450 sacto
1137 2394 1209 2450 ad
1246 2394 1428 2469 ipsam
1456 2394 1626 2450 nullae
1650 2393 1841 2450 delatae
1869 2397 2002 2449 sunt
2033 2392 2284 2449 christia-

378 2474 580 2548 norum
606 2510 813 2559 causae;
856 2497 953 2549 aut
979 2491 1025 2548 si
1055 2510 1245 2567 paucae
1280 2491 1556 2567 quaedam‚
1591 2509 1788 2548 eorum
1819 2491 2108 2548 dumtaxat
2147 2494 2282 2567 quos

375 2591 616 2648 Ecclesia
648 2592 716 2648 ob
752 2591 809 2648 id
849 2591 980 2649 sinu
1007 2610 1109 2649 suo
1153 2592 1426 2666 ejiciebat.
1470 2592 1704 2668 Insuper
1740 2592 1840 2647 has
1872 2591 2041 2649 etiam
2080 2609 2280 2668 paucas

371 2693 503 2767 jure
531 2711 639 2749 non
660 2693 952 2768 judicavit,
974 2712 1105 2752 cum
1128 2693 1412 2768 litigantes
1435 2693 1557 2751 sine
1584 2693 1734 2767 gravi
1759 2698 1980 2770 peccato
2004 2694 2123 2768 ejus
2144 2692 2284 2769 judi·

377 2793 529 2850 cium
557 2793 840 2867 requirere
864 2813 977 2851 non
1004 2795 1306 2869 potuerint.

451 2894 744 2950 Paorosmo
785 2895 860 2951 2³.
884 2927 952 2934 —
975 2895 1216 2951 Potestas
1272 2895 1775 2964 eaecommunicandi,
1832 2912 1987 2967 quam
2036 2895 2186 2949 initio
2234 2898 2282 2948 et

376 3012 581 3067 semper
622 2994 798 3049 habuit
839 2994 1089 3065 Ecclesia,
1129 3013 1305 3051 secam
1349 2994 1567 3051 involvit
1607 2994 1838 3067 aliquam
1881 2995 1937 3048 ia
1979 2991 2281 3067 temporalia

370 3101 707 3169 potestatem.
725 3128 791 3136 —
809 3094 1034 3152 Certum
1061 3100 1168 3165 est,
1187 3094 1443 3152 Ecclesiae
1469 3099 1800 3169 competere,
1826 3091 2009 3167 quoad
2035 3091 2280 3149 christia-

374 3211 477 3250 nos
508 3211 723 3266 omneS,
768 3193 1294 3251 excommunicandi
1339 3197 1691 3267 potestatem.
1746 3191 1911 3265 Atqui
1955 3208 2021 3247 ex
2061 3190 2157 3247 illa
2196 3207 2281 3264 po-

375 3297 574 3351 testate
597 3293 911 3352 necessario
947 3294 1203 3369 sequitur
1241 3310 1404 3368 posse
1425 3306 1631 3366 ¹regem
1662 3290 1908 3366 aliquem
1938 3290 2007 3347 ab
2043 3280 2279 3347 Ecclesia

378 3385 644 3451 indirecte
674 3393 893 3466 deponi.
922 3393 1059 3449 Nam
1086 3393 1134 3449 si
1160 3393 1445 3448 Romanus
1471 3390 1717 3465 pontifex
1753 3389 1858 3446 sub
1898 3385 2275 3447 excommuni-

380 3494 597 3552 catione
635 3493 928 3570 prohibeat
963 3510 1034 3550 ne
1076 3493 1174 3549 tali
1213 3491 1354 3566 regi,
1399 3490 1690 3565 religionis
1733 3489 2021 3547 catholicae
2061 3487 2276 3545 ruinam

288 3578 291 3581 ¹
381 3594 656 3664 molienti,
681 3595 803 3669 ejus
827 3592 1035 3651 subditi
1062 3592 1341 3661 obedient,
1372 3592 1478 3649 hoc
1503 3591 1623 3667 ipso
1651 3609 1745 3649 rex
1772 3591 1875 3648 iste
1899 3580 2159 3666 potestate
2180 3601 2275 3643 sua

381 3695 534 3770 regia
561 3694 807 3772 privatus
831 3692 1158 3752 remanebit.
1182 3692 1358 3750 Hocce
1379 3696 1775 3768 argumentum
1799 3671 2273 3768 simplicissimum
