2352 4126
1012 381 1306 432 Pnoffluu.
2059 399 2104 432 ιι

218 529 382 583 taxat
412 538 599 601 penes
636 517 962 598 collegium
1003 517 1274 598 aliquod,
1304 514 1368 577 id
1415 523 1508 577 est
1550 533 1740 597 penes
1778 515 2104 598 Episcopos

218 627 531 689 communi
586 622 816 705 judicio
847 621 998 683 eum’
1043 621 1198 701 Papa
1248 622 1739 702 pronuntianteS‚
1776 622 1878 684 sed
1920 623 2100 683 etiam

218 753 403 814 penes
434 731 652 810 Papam
693 735 1001 808 quatenus
1043 746 1076 787 a
1109 727 1346 807 reliquo
1391 727 1508 789 isto
1540 727 1793 807 collegio
1851 727 2106 790 distino-

221 850 378 903 tum.
401 841 510 911 Qui
542 857 756 900 sensus
782 843 851 897 ut
875 833 1070 912 magis
1102 841 1328 913 pateat,
1355 851 1772 915 supponamus
1797 833 1874 894 ab
1897 834 2105 915 aliquo

222 965 366 1025 rege
379 943 778 1005 constitutum
804 940 993 1000 fuisse
1011 955 1370 1016 supremum
1398 940 1582 998 totius
1600 939 1770 1018 regni
1790 937 2064 999 tribunal
2084 964 2097 1013 3

223 1058 282 1111 et
306 1049 452 1108 huie
478 1046 771 1107 tribunali
795 1044 1155 1125 praefeetum
1178 1042 1366 1103 fuisse
1390 1058 1752 1118 supremum
1770 1041 2099 1120 quemdam

215 1157 515 1236 judieem3
554 1161 615 1212 et
642 1152 786 1212 huie
818 1149 1011 1229 judici
1040 1147 1319 1208 collatam
1347 1145 1540 1207 fuisse
1572 1155 1935 1226 potestatem
1961 1148 2104 1210 defi-

222 1263 410 1322 nitive
454 1279 560 1320 seu
594 1259 659 1317 in
713 1256 930 1316 ultima
987 1254 1277 1314 instantia
1327 1252 1791 1332 pronuntiandi,
1853 1253 2093 1314 duobus

219 1365 440 1438 modiS,
471 1363 531 1423 id
562 1370 681 1423 est:
708 1361 796 1421 vel
818 1379 924 1439 per
948 1359 1218 1437 seipsum
1246 1357 1468 1428 solum,
1500 1356 1592 1417 vel
1613 1358 1929 1417 communi
1950 1377 2091 1418 eum

219 1465 510 1527 nonnulis
537 1466 669 1526 aliis
690 1464 1006 1544 judicibus
1033 1462 1356 1522 sententia.
1399 1460 1551 1522 Sane
1602 1460 1788 1539 hujus
1821 1461 2103 1541 primarii

214 1572 443 1650 judicis
468 1590 749 1650 suprema
770 1568 1174 1649 jurisdicendi
1206 1576 1471 1647 potestas
1514 1567 1638 1627 diei
1668 1574 1871 1646 posset
1900 1586 2097 1647 perso-

218 1673 377 1736 nalis
410 1676 472 1734 in
490 1695 630 1736 vero
667 1684 726 1735 et
750 1675 925 1735 obvio
952 1692 1156 1734 sensu.
1181 1671 1300 1753 Ipsi
1329 1692 1548 1754 nempe
1572 1681 1942 1752 competeret
1960 1691 2107 1752 qua-

221 1789 398 1842 tenus
431 1783 506 1842 ab
537 1782 672 1842 aliis
698 1781 1002 1860 judicibus
1037 1781 1353 1854 distincto,
1402 1781 1680 1859 quamvis
1725 1787 2097 1859 competeret

225 1888 405 1946 etiam
437 1888 545 1946 toti
568 1887 845 1964 judicum
875 1887 1077 1959 caetui,
1106 1886 1346 1965 quando
1380 1887 1692 1946 communi
1716 1887 1946 1967 judicio
1970 1906 2106 1966 pro-

224 1992 604 2052 nuntiarent.
640 1990 934 2050 Similiter
959 2000 1166 2050 autem
1208 1991 1529 2071 personalis
1582 1993 1806 2052 dieitur
1841 1992 2097 2052 Romani

221 2094 530 2155 Pontifieis
568 2095 997 2168 infallibilitas,
1050 2095 1125 2154 ad
1184 2094 1658 2172 significandum
1705 2096 2099 2155 infallibilem

223 2218 351 2260 esse
377 2199 516 2259 fidei
547 2198 970 2258 definitionem
1013 2198 1249 2258 duobus
1275 2199 1495 2274 modis,
1526 2200 1586 2259 id
1607 2207 1730 2259 est:
1762 2208 1894 2259 tum
1923 2219 1993 2260 ex
2033 2218 2102 2261 eo

226 2303 352 2366 solo
371 2304 530 2383 quod
547 2323 579 2363 a
603 2303 752 2382 Papa
772 2304 1224 2382 pronuntietur,
1248 2312 1379 2363 tum
1395 2311 1693 2382 quatenus
1712 2306 2107 2384 pronuntiata

228 2410 636 2470 communiter
660 2428 692 2468 a
723 2408 876 2489 Papa
911 2419 966 2468 et
1000 2409 1237 2488 reliquo
1274 2408 1705 2488 Episcoporum
1740 2409 2015 2488 collegio.
2040 2409 2110 2470 Et

223 2515 284 2572 in
320 2513 435 2572 hoe
455 2513 649 2591 magis
673 2511 846 2572 obvio
865 2531 1049 2572 sensu
1078 2511 1330 2571 omnino
1363 2521 1596 2572 eertum
1620 2520 1711 2572 est
1736 2511 2106 2594 personalem

227 2635 355 2677 esse
413 2615 585 2696 Papae
641 2616 1160 2676 infallibilitatem.
1198 2614 1470 2676 Christus
1530 2636 1751 2696 nempe
1803 2616 2057 2676 dicendo
2091 2635 2104 2674 ε

228 2724 444 2804 Roqavi
455 2744 566 2806 pro
592 2736 641 2785 te
665 2734 731 2784 ut
749 2744 868 2783 ‘non
889 2722 1113 2804 deficiat
1136 2723 1274 2804 fides
1291 2733 1475 2785 tua...
1499 2725 1778 2805 confirma
1794 2725 2035 2804 fratrea.
2053 2773 2091 2785 ..

216 2846 388 2907 pasce
412 2847 666 2906 aquea...
685 2846 853 2908 pasce
869 2847 1074 2888 oveS...
1106 2847 1280 2908 super
1305 2828 1453 2889 hanc
1477 2830 1714 2891 Petram
1736 2828 2098 2910 aeclifieabO...

226 2930 919 3010 instituitpinfallibilem
963 2931 1092 2991 fore
1130 2932 1273 2992 fidei
1318 2932 1734 2994 definitionem
1764 2953 1829 2994 ew
1854 2933 1953 2994 hoe
1985 2931 2104 2993 solo

222 3037 384 3116 quod
439 3057 471 3096 a
520 3036 692 3097 Petro
746 3057 854 3098 seu
906 3037 1174 3098 Romano
1225 3037 1514 3100 Pontifioe
1575 3041 2099 3119 pronuntiaretur.

221 3140 518 3221 Equidem
545 3142 814 3202 instituit
848 3143 1033 3202 etiam
1082 3141 1475 3203 infallibilem
1517 3145 1645 3205 fore
1677 3145 1920 3226 quando
1973 3164 2106 3224 pro-

224 3247 617 3308 nuntiaretur
637 3250 1047 3309 eommuuiter
1072 3269 1104 3309 a
1129 3249 1302 3311 Petro
1330 3261 1390 3311 et
1414 3251 1649 3331 reliquo
1674 3251 2101 3333 Apostolorum

225 3350 499 3430 collegio,
548 3361 618 3411 ut
654 3352 940 3412 evincunt
978 3353 1195 3427 verba,
1237 3356 1632 3437 quodcumque
1655 3355 2052 3439 liqaveritiS...
2079 3375 2102 3423 ‚⁸

229 3453 332 3512 sed
356 3454 486 3514 haeo
520 3457 819 3535 posterior
852 3457 1266 3520 infallibilitas
1291 3461 1480 3520 totius
1508 3462 1860 3542 episcopalis
1895 3477 2098 3536 eorpo-

229 3555 312 3614 ris
345 3575 485 3617 eum
520 3560 716 3639 eapite
740 3579 848 3621 suo
874 3559 1247 3639 definientis,
1288 3564 1556 3643 priorem
1588 3565 2096 3626 infallibilitatem

232 3660 496 3721 Romano
518 3661 791 3727 Pontifici
818 3665 1184 3748 personalem
1207 3668 1558 3732 nullatenus
1591 3670 1872 3732 destruit.
