2340 3990
351 268 441 317 418
1026 260 1326 309 TRACTATUS
1357 260 1422 306 ΒΕ
1453 260 1603 306 ΡΑΡΑ.

350 375 663 435 valuissent
703 371 1246 444 interorum-portae,
1287 367 1346 423 id
1385 371 1491 439 est,
1539 366 1978 424 fundamentalis
2011 388 2170 428 error
2205 374 2305 439 de:

353 470 644 531 infallibili
669 465 1000 523 auctoritate
1025 463 1252 521 concilii
1278 464 1577 538 generaliS‚
1604 464 1778 522 simul
1799 483 1930 523 cum
1959 485 2330 534 successore

349 573 495 630 Petri
519 571 768 625 Romano
799 565 1061 623 Pontifice
1091 564 1431 622 definientis.
2303 579 2305 582 ⁴

426 671 689 729 Probatur
714 669 770 724 5⁰
795 670 1005 724 ratione
1032 666 1340 738 theologica.
1369 697 1439 705 —
1460 665 1765 722 Constituit
1799 666 2055 725 Christus
2089 667 2272 745 Eccle-
2297 676 2315 707 -;.

349 771 488 828 siam
513 787 676 827 suam
705 768 780 824 ita
806 772 867 824 ut
899 770 1089 824 essent
1115 765 1174 821 in
1199 782 1262 821 ea
1292 771 1543 839 pastores
1576 771 1629 822 et
1653 783 1804 838 oves,
1842 764 1899 820 id
1925 771 2027 832 est,
2059 767 2155 841 qui
2183 767 2275 826 do-
2311 757 2313 763 ¹

350 874 537 924 cerent
568 871 621 922 et
654 869 932 939 regerent,
963 881 1027 918 ac
1051 861 1299 918 vicissim
1334 861 1431 935 qui
1466 861 1806 919 docerentur
1834 880 1896 919 ac
1922 870 2268 937 regerentur.
2297 879 2301 890 ·

342 966 486 1025 Dixit
519 966 802 1041 siquidem
843 965 1001 1020 Petro
1024 981 1189 1037 pasce
1221 981 1360 1030 ουεε,
1399 981 1560 1036 pasce
1597 981 1778 1036 awos,
1821 981 1950 1020 eum
1991 970 2288 1039 pastorem·

337 1085 675 1141 supremum
718 1064 1088 1121 constituens.
1126 1062 1273 1118 Dixit
1303 1068 1357 1119 et
1400 1062 1668 1137 apostolis
1703 1071 1883 1120 euntes
1924 1065 2271 1141 docete2pas-

338 1172 489 1223 tores
534 1165 702 1222 etiam
739 1182 833 1220 eos
874 1161 1246 1230 constituenS‚
1286 1161 1420 1217 licet
1467 1161 1571 1218 sub
1614 1167 1836 1236 pastore
1881 1180 2168 1238 supremo,
2209 1163 2270 1222 In

336 1284 448 1340 quo
476 1264 668 1321 fideles
701 1261 966 1337 pasc-endi
994 1260 1197 1326 officio,
1233 1260 1500 1333 apostolis
1528 1261 1807 1336 Episcopi,
1844 1263 2001 1318 Petro
2034 1262 2269 1320 Romani

331 1362 624 1418 Pontifices
643 1363 1059 1415 successerunt.
1074 1356 1352 1429 Principia
1366 1356 1462 1411 illa
1483 1357 1576 1413 hic
1594 1359 1824 1415 omnino
1838 1367 1988 1416 certa
2007 1362 2270 1437 supponi-

331 1480 483 1517 mus.
510 1460 588 1515 Ex
609 1459 680 1515 iis
700 1463 888 1514 autem
914 1461 1104 1531 aperte
1126 1455 1386 1529 sequitur
1411 1455 1770 1514 infallibilem
1798 1476 1923 1515 esse
1949 1478 2012 1516 ac
2030 1460 2267 1518 firmiter

328 1561 668 1619 credendam
712 1557 1120 1623 definitionem,
1162 1574 1192 1612 a
1237 1557 1379 1631 Papa
1424 1557 1599 1614 simul
1646 1563 1700 1615 et
1743 1561 1991 1632 generali
2031 1561 2264 1619 concilio

330 1663 630 1738 prolatam.
674 1659 1139 1715 Infallibilitatem
1175 1657 1329 1713 enim
1369 1659 1553 1732 quoad
1594 1677 1783 1716 veram
1823 1660 2261 1735 dignoscendam

327 1769 383 1820 et
410 1760 787 1818 definiendam
817 1759 982 1816 fidem
1007 1759 1246 1816 contulit
1284 1758 1556 1826 Christus,
1591 1760 1676 1816 vel
1703 1760 1951 1817 Romano
1979 1762 2258 1838 Pontifici,

324 1862 413 1918 vel
457 1866 786 1918 caeterorum
830 1859 1233 1935 Episcoporum
1278 1859 1538 1926 concili0‚
1586 1860 1671 1918 vel
1716 1860 2060 1934 conjunctim
2105 1862 2261 1939 Papae

321 1968 374 2021 et
417 1967 751 2018 caeterorum
803 1960 1108 2035 praesulum
1146 1959 1406 2034 collegi0‚
1454 1960 1541 2016 vel
1577 1960 1813 2034 reliquis
1859 1961 2138 2033 fidelibus,
2175 1963 2259 2021 vel

318 2063 546 2120 tandem
583 2060 822 2118 nemini.
866 2061 1034 2116 Porro
1077 2060 1136 2115 in
1178 2060 1364 2116 tribus
1407 2059 1610 2134 primis
1653 2061 2061 2135 hypothesibus
2109 2070 2256 2120 certo

318 2161 637 2218 infallibilis
672 2160 778 2218 erit
805 2165 858 2216 et
894 2160 1170 2216 credenda
1201 2159 1451 2216 definitio
1482 2179 1509 2215 a
1546 2160 1786 2216 concilio
1826 2160 1998 2217 simul
2030 2169 2083 2218 et
2116 2162 2255 2237 Papa

317 2263 557 2338 prolata,
590 2267 653 2319 ut
690 2266 861 2337 patet.
885 2261 1091 2325 Quarta
1119 2278 1248 2317 vero
1279 2259 1605 2335 hypothesis
1629 2260 1837 2318 absona
1865 2267 1948 2318 est
1976 2261 2254 2335 siquidem

316 2368 593 2437 repugnat
620 2361 871 2417 voluisse
899 2360 1182 2417 Christum
1209 2360 1460 2434 reliquos·
1492 2359 1684 2417 fideles
1724 2378 1753 2415 a
1782 2361 1927 2435 Papa
1956 2366 2007 2417 ct
2036 2361 2253 2436 Episco-

312 2462 401 2537 pis
442 2461 652 2532 doceri,
698 2467 750 2518 et
785 2461 957 2518 simul
1004 2459 1472 2516 infallibilitatem
1504 2459 1834 2529 contulisse,
1882 2477 1995 2515 non
2035 2459 2116 2516 eis
2152 2458 2250 2533 qui

312 2558 537 2631 docere,
573 2561 671 2617 sed
708 2561 789 2617 eis
828 2561 922 2634 qui
954 2560 1143 2618 doceri
1183 2560 1409 2617 debent.
1440 2560 1558 2616 Imo
1587 2566 1725 2617 tunc
1750 2559 2004 2635 Episcopi
2029 2578 2139 2616 non
2166 2577 2250 2617 es·
2328 2614 2330 2618 ,

312 2666 437 2717 sent
466 2664 716 2735 pastores
744 2660 841 2716 sed
870 2678 1024 2730 oveS‚
1054 2666 1249 2734 utpote
1286 2660 1384 2734 qui
1412 2678 1442 2715 a
1469 2660 1675 2734 populo
1709 2678 1896 2716 veram
1923 2659 2090 2715 fidem
2117 2659 2247 2716 edo-

310 2759 422 2815 ceri
457 2758 743 2814 deberent.
783 2757 1030 2813 Tandem
1063 2757 1272 2813 falsum
1309 2763 1391 2813 est
1416 2757 1634 2813 nullam
1673 2775 1703 2812 a
1734 2756 1950 2812 Christo
1978 2756 2037 2811 in
2076 2756 2246 2814 terris

307 2857 564 2915 relictam
594 2857 773 2914 fuisse
812 2856 991 2913 vivam
1018 2862 1072 2914 et
1113 2856 1480 2914 infallibilem
1521 2857 1651 2913 fidei
1686 2839 2244 2931 regulam.Alioquin

306 2958 458 3014 enim
496 2957 691 3014 fideles
733 2957 984 3013 incertos
1022 2956 1347 3031 reliquisset
1384 2957 1454 3014 de
1488 2974 1617 3013 vera
1648 2955 1779 3012 fide.
1810 2955 1930 3011 Non
1969 2955 2120 3012 enim
2147 2973 2244 3031 per
2339 2936 2340 2988 3

307 3073 524 3112 sacram
566 3056 917 3130 Scripturam
953 3061 1104 3112 certo
1148 3056 1399 3130 dignosci
1442 3060 1626 3130 potest
1668 3073 1799 3113 vera
1842 3054 2001 3124 fides,
2063 3054 2240 3129 siqui·
2332 3109 2333 3113 ,

305 3154 432 3212 dem
471 3159 866 3229 protestante5‚
907 3156 1004 3228 qui
1033 3156 1179 3213 hanc
1213 3155 1444 3213 unicam
1476 3154 1604 3210 fidei
1643 3154 1895 3228 regulam
1925 3154 2085 3228 sequi
2117 3171 2241 3229 pro·
2329 3195 2332 3199 -

304 3251 557 3323 fitentur,
603 3251 662 3308 in
703 3257 883 3308 sectas
928 3254 1403 3329 quamplurimam,
1442 3251 1628 3327 quoad
1662 3251 1872 3325 dogma
1907 3268 2141 3326 prorsus
2175 3249 2243 3306 ab
2326 3303 2331 3324 ι

301 3347 543 3407 invicem
584 3349 987 3425 discrepanteS‚
1031 3351 1191 3408 scissi
1230 3355 1381 3408 sunt.
1421 3350 1613 3424 Neque
1649 3348 1832 3406 voluit
1861 3348 2118 3406 Christus
2143 3365 2242 3424 per
2326 3331 2330 3399 f

303 3448 658 3507 immediatas
694 3449 940 3525 Spiritus
971 3450 1153 3508 sancti
1195 3451 1568 3510 revelationes
1603 3470 1801 3510 veram
1850 3451 2016 3510 fidem
2060 3471 2091 3509 a
2128 3451 2241 3507 sin·

302 3547 453 3620 gulis
480 3547 752 3622 dignosci.
794 3549 934 3606 Nam
963 3550 1031 3606 de
1069 3549 1214 3607 facto
1252 3568 1365 3607 non
1403 3555 1592 3608 extant
1635 3550 1917 3626 ejusmodi
1952 3547 2236 3606 revelatio·
2324 3530 2326 3539 ἶ

302 3663 427 3720 nes,
458 3653 521 3704 ut
561 3648 803 3725 quisque
846 3649 1030 3724 quoad
1062 3649 1317 3725 seipsum
1346 3649 1541 3708 testari
1582 3655 1787 3725 potest.
1820 3651 1962 3724 Ergo
1988 3650 2236 3707 remanet
2323 3710 2325 3717 Σ
