2352 4126
295 372 352 418 50
946 355 1261 406 TRACTATUS
1291 353 1357 400 DE
1387 354 1535 402 PAPA.

291 475 379 534 vel
398 471 732 551 tyrannidis,
771 468 858 525 vel
902 463 1298 539 quodcumque
1339 461 1493 519 aliud
1521 467 1750 538 propter
1781 462 1931 535 quod
1959 481 2071 518 non
2098 480 2204 517 im-

294 566 495 631 merito
521 567 720 645 deponi
757 562 983 632 meruit,
1014 561 1156 636 Papa
1195 578 1308 617 non
1337 560 1565 617 deberet
1602 579 1730 616 eum
1779 559 2075 635 deponere,
2105 558 2203 616 sed

293 671 539 748 populus
572 686 601 723 a
628 683 738 739 quo
771 667 930 718 suam
965 659 1178 735 recepit
1216 664 1544 735 potestatem
1586 659 1750 716 tacite
1785 658 1870 715 vel
1905 675 2200 733 expresse:

292 768 405 825 nisi
433 765 518 822 illi
535 763 604 820 ad
627 779 767 835 quos
789 757 1034 833 pertinet
1053 757 1266 814 nollent
1286 763 1382 814 aut
1399 776 1512 814 non
1533 761 1766 833 possent
1783 757 1965 813 faeere
1977 755 2205 830 justitiae

292 863 844 938 complementum...
884 855 1194 912 Fatendum
1230 860 1421 913 tamen
1451 856 1602 930 quod
1632 856 1775 931 Papa
1817 860 2000 930 potest
2027 860 2208 912 trans-

288 965 439 1020 ferre
464 958 769 1035 imperium
796 946 880 1013 v'el
915 973 1152 1030 regnum
1184 956 1502 1027 casualiter;
1537 961 1601 1014 ut
1631 957 1762 1032 quia
1803 975 1915 1012 non
1947 961 2031 1012 est
2057 955 2204 1013 alius

292 1063 571 1137 superior,
595 1059 683 1116 vel
718 1057 901 1126 aliter,
929 1061 1027 1113 aut
1051 1056 1355 1132 imperium
1380 1056 1465 1112 vel
1490 1074 1721 1130 regnum
1761 1062 1844 1113 est
1868 1054 2210 1112 transferen-

290 1160 427 1216 dum
466 1143 534 1215 de
571 1163 735 1231 gente
775 1156 832 1211 in
862 1161 1085 1230 gentem
1124 1162 1355 1232 propter
1387 1156 1617 1230 aliquod
1660 1155 1950 1231 spirituale
1992 1154 2206 1212 crimen

293 1258 497 1333 gentiS,
525 1262 659 1333 puta
699 1255 747 1311 si
774 1274 909 1330 gens
949 1255 1044 1311 illa
1090 1255 1372 1312 inficiatur
1398 1254 1659 1312 haeretica
1695 1254 1989 1330 pravitate,
2029 1254 2114 1309 vel
2140 1254 2209 1309 ad

289 1361 470 1435 legem
487 1359 833 1428 Judaeorum,
851 1356 940 1414 vel
957 1357 1027 1412 ad
1053 1356 1227 1414 ritum
1251 1355 1521 1430 gentium,
1544 1354 1630 1412 vel
1651 1361 1858 1412 sectam
1882 1354 2050 1410 aliam
2077 1371 2209 1409 con-

290 1465 622 1518 verteretur.
657 1457 710 1513 Si
734 1456 1160 1513 tranferendum
1188 1462 1333 1513 esset
1353 1454 1658 1529 imperium
1687 1454 1772 1511 vel
1794 1472 2029 1528 regnum
2051 1472 2212 1529 prop-

292 1565 376 1616 ter
418 1558 629 1615 crimen
657 1555 971 1630 spirituale,
1007 1555 1203 1612 dicunt
1245 1555 1475 1630 quidam
1511 1554 1659 1628 quod
1699 1555 1839 1628 Papa
1874 1558 2052 1627 potest
2083 1552 2212 1626 jure

296 1659 480 1716 divino
500 1657 806 1714 transferre
834 1655 1135 1731 imperium
1158 1673 1255 1711 seu
1278 1673 1536 1730 regnum,
1569 1654 1701 1727 quia
1731 1654 1787 1708 in
1821 1651 2211 1728 spiritualibus

295 1765 345 1815 et
383 1758 611 1842 anneigis
643 1756 718 1812 eis
764 1756 930 1811 habet
975 1754 1386 1829 plenitudinem
1425 1753 1713 1828 potestatis
1743 1758 2015 1826 quantum
2053 1751 2122 1806 ad
2158 1768 2218 1806 ea

295 1875 418 1931 quae
441 1862 572 1913 sunt
601 1855 667 1910 de
695 1853 1026 1910 necessitate
1054 1851 1326 1909 facienda.
1358 1852 1464 1907 Alii
1483 1851 1673 1907 dicunt
1698 1849 1845 1923 quod
1871 1849 2011 1923 Papa
2037 1848 2098 1903 in
2117 1849 2220 1904 1100

298 1975 425 2020 casu
460 1974 574 2011 non
609 1960 787 2030 potest
825 1954 1136 2009 transferre
1168 1950 1469 2026 imperium
1511 1950 1625 2006 sive
1660 1967 1923 2022 regnum,
1957 1947 2068 2004 nisi
2094 1947 2220 2003 laici

297 2053 507 2109 fuerint
530 2051 928 2108 damnabiliter
955 2050 1325 2124 negligentes,
1354 2051 1440 2107 vel
1475 2049 1728 2106 faventes
1749 2049 1902 2122 genti
1931 2066 1960 2102 a
1987 2066 2094 2120 qua
2132 2065 2222 2103 ne·

299 2170 457 2209 cesse
489 2157 573 2208 est
604 2150 906 2207 transferri
949 2148 1255 2224 imperium
1296 2148 1378 2204 vel
1417 2166 1688 2220 regnum3
1734 2146 1829 2203 sed
1864 2147 1920 2200 in
1958 2147 2063 2201 1100
2090 2164 2219 2202 casu

303 2258 515 2326 spectat
542 2251 608 2306 ad
640 2251 841 2325 Papam
872 2249 939 2305 de
973 2248 1210 2306 crimine
1245 2246 1527 2322 spirituali
1563 2263 1891 2319 cognoscere
1926 2250 1978 2301 et
2011 2245 2223 2301 denun—

298 2350 436 2405 tiare
468 2349 583 2404 illis
614 2349 683 2403 ad
711 2365 851 2420 quos
889 2352 1128 2421 spectat,
1154 2353 1213 2402 ut
1241 2345 1427 2419 ipsum
1457 2345 1690 2417 (regem)
1721 2344 2023 2418 deponant3
2071 2342 2221 2417 quod

300 2450 347 2506 si
382 2448 667 2504 noluerint
709 2448 796 2502 vel
839 2464 952 2502 non
985 2443 1287 2520 potuerint,
1318 2444 1446 2518 jure
1483 2443 1671 2500 divino
1709 2443 1964 2500 devoluta
2011 2451 2089 2499 est
2133 2462 2225 2517 po-

301 2553 474 2603 testas
501 2546 568 2601 ad
594 2562 882 2600 summum
918 2543 1274 2609 Pontificem3
1311 2549 1365 2599 et
1400 2543 1503 2599 hoc
1538 2543 1666 2616 quia
1698 2542 1818 2616 ipse
1856 2543 2021 2598 hahet
2049 2543 2223 2616 pleni-

299 2648 555 2706 tudinem
581 2645 873 2722 potestatis
895 2651 1170 2720 quantum
1195 2645 1265 2701 ad
1291 2645 1478 2701 omnia
1503 2662 1626 2718 quae
1645 2649 1775 2699 sunt
1795 2644 1861 2700 de
1893 2645 2223 2701 necessitate

300 2745 573 2803 facienda.
620 2767 644 2796 »
679 2744 857 2818 (Apud
891 2743 1148 2814 Bianchi,
1181 2745 1322 2799 della
1350 2744 1565 2800 Potesta
1597 2744 1739 2799 della
1774 2743 1979 2817 Chiesa,
2007 2749 2147 2799 tom.
2178 2744 2219 2814 l,

302 2866 358 2922 p.
390 2845 547 2918 105.)

377 2944 462 3000 XI.
508 2943 746 3017 AEyiclius
778 2944 840 2998 de
867 2943 1182 3001 Bellamera..
1209 2944 1420 3002 —Fuit
1457 2943 1858 3002 Avenionensis
1892 2945 2220 3020 EpiscopUS,

306 3044 551 3118 obiitque
586 3043 924 3099 0111101592.
959 3044 1198 3118 Insignis
1225 3045 1534 3102 canonistae
1565 3045 1778 3102 famam
1812 3044 1917 3100 sibi
1943 3060 2227 3117 compara-

301 3144 402 3213 vit,
430 3143 660 3216 ejusque
683 3160 852 3216 opera
881 3149 1095 3218 septem
1118 3144 1500 3202 voluminibus
1530 3144 1750 3200 in-folio
1786 3142 2041 3214 Lugduni
2075 3141 2221 3198 edita

305 3247 434 3301 sunt
459 3260 608 3298 anno
637 3241 806 3297 1548.
838 3242 926 3298 Sic
950 3244 1115 3299 habet
1146 3245 1212 3300 de
1234 3243 1494 3318 praesenti
1523 3243 1830 3318 quaestione
1861 3263 1871 3295 :
1913 3241 2105 3314 «Papa
2134 3259 2228 3315 po-

303 3347 414 3398 test
437 3340 714 3415 deponere
739 3338 1157 3412 imperatorem,
1176 3341 1273 3414 qui
1295 3342 1363 3397 ab
1390 3359 1454 3397 eo
1473 3341 1942 3416 temporalitatem
1961 3356 2227 3413 recogno-

273 3437 483 3494 scit...
521 3435 701 3493 Etiam
736 3436 874 3492 alios
918 3454 1103 3512 regeS‚
1147 3437 1278 3494 licet
1312 3438 1381 3494 ab
1417 3457 1482 3495 00
1524 3457 1694 3514 regna
1724 3457 1825 3496 sua
1856 3457 1968 3495 non
1994 3442 2228 3495 teneant

308 3536 370 3591 in
413 3534 665 3604 feudum,
704 3551 807 3591 nec
842 3535 1276 3609 temporalitates
1302 3553 1433 3592 suas
1455 3536 1523 3592 ab
1567 3554 1630 3593 eo
1666 3541 2089 3611 recognoscant,
2121 3549 2224 3587 nec

305 3635 691 3709 juramentum
733 3632 1021 3690 fidelitatis
1062 3633 1112 3691 ei
1153 3640 1444 3710 praestent;
1481 3635 1739 3692 videlicet
1777 3653 1879 3710 pro
1909 3632 2127 3690 delictis
2171 3635 2224 3685 et

310 3729 740 3806 negligentiis...
786 3729 1068 3805 Depositio
1107 3737 1293 3788 autem
1331 3750 1529 3806 regum
1567 3732 1820 3789 facienda
1863 3748 1964 3806 per
1997 3729 2221 3802 Papam,
