2340 3990
2279 172 2291 197 ·⁴
2263 0 2312 151 warois

321 265 411 313 408
994 261 1292 310 TRACTATUS
1322 261 1388 308 DE
1419 262 1570 311 PAPA.

397 374 687 430 Pnoposmo
723 373 807 428 11³.
845 403 922 412 —-
950 368 1015 428 Ut
1046 369 1322 426 concilium
1353 372 1600 446 yenerale
1639 375 1729 441 sit,
1775 392 1987 432 necesse
2017 395 2124 435 ηοη
2167 387 2247 436 est·
2280 365 2317 467 {3

322 475 598 530 convenire
642 488 820 526 omnes
865 471 1022 525 totius
1069 469 1319 525 Ecclesiae
1360 469 1672 548 Episcopos,
1715 473 1819 528 imo
1857 492 1951 530 nec
1993 475 2308 549 majorem

320 591 501 629 eorum
519 578 752 644 partem.
779 604 850 610 --
870 569 1007 646 Nam
1029 573 1180 625 certo
1208 569 1550 627 oecumenica
1577 570 1689 628 fuit
1715 573 1965 648 synodus
1987 574 2253 632 Constan—·
2334 589 2340 649 ξ

317 671 682 746 tinopolitana
713 670 919 746 prima,
952 673 1146 744 utpote
1180 688 1293 726 una
1325 688 1388 726 ex
1417 669 1534 727 illis
1561 677 1802 745 quatuor
1828 691 1953 747 quae
1986 675 2244 732 unanimi
2278 668 2309 721 {43—
2336 655 2340 707 ἶ

317 771 577 828 Ecclesiae
616 769 902 827 catholicae
934 786 1169 825 assensu
1207 786 1303 844 pro
1335 770 1700 827 oecumenicis
1728 777 1780 828 et
1812 778 2076 847 tanquam
2112 791 2244 847 qua·
2304 766 2317 774 ⁸

317 877 447 927 tuor
486 870 771 945 evangelia
803 876 1040 943 receptae
1082 874 1235 924 sunt.
1278 869 1444 925 Porro
1473 869 1781 928 interfuere
1807 872 2094 929 dumtaxat
2123 873 2246 948 Epi·
2297 947 2302 951 ι

319 970 474 1045 scopi
513 970 643 1026 150.
686 969 747 1024 Et
777 968 1036 1025 extabant
1076 972 1212 1024 tunc
1243 969 1300 1023 in
1343 974 1456 1026 tota
1497 970 1743 1028 Ecclesia
1783 973 1909 1048 plus
1944 991 2110 1047 quam
2138 970 2244 1030 500

317 1068 592 1144 Episcopi.
616 1067 766 1123 —In
786 1062 960 1124 altera
979 1086 1044 1124 ex
1069 1066 1234 1123 dictis
1257 1073 1521 1141 quatuor,
1550 1069 1765 1126 scilicet
1786 1071 2245 1143 Chalc‘edonensi,

321 1186 434 1225 non
467 1167 845 1224 interfuerunt
868 1186 932 1223 ex
959 1172 1073 1222 toto
1103 1166 1390 1223 occidente
1426 1168 1535 1224 nisi
1570 1169 1672 1225 soli
1703 1170 1938 1227 Romani
1970 1171 2252 1230 Pontificis

320 1268 526 1343 Legati.
549 1269 694 1323 —In
717 1267 958 1342 septima
982 1264 1047 1323 ssx
1072 1267 1140 1322 iis
1169 1285 1293 1339 quac
1324 1286 1426 1341 pro
1465 1270 1824 1341 generalibus
1853 1272 2137 1329 habentur
2174 1293 2258 1350 sy-

319 1369 485 1433 nOdO,
517 1367 657 1424 locta
684 1372 789 1434 est,
818 1367 1037 1422 actione
1063 1366 1247 1435 tertia,
1271 1367 1530 1440 epistola,
1554 1369 1611 1422 in
1632 1388 1741 1443 qua
1769 1371 1978 1428 dicitur
2003 1373 2146 1428 nihil
2170 1374 2256 1430 dc-

319 1464 504 1537 rogari
532 1463 864 1519 authoritati
892 1464 1120 1520 concilii
1148 1464 1426 1538 generalis
1451 1483 1514 1521 ex
1539 1466 1789 1522 absentia
1819 1467 1993 1522 trium
2023 1469 2255 1542 patriar-

317 1564 565 1621 chalium
606 1563 851 1630 sedium,
898 1583 961 1622 ac
998 1565 1165 1621 etiam
1214 1565 1594 1640 plurimorum
1639 1567 2039 1642 Episcoporum
2087 1569 2252 1627 dictis

317 1666 544 1722 sedibus
573 1666 981 1739 subjectorum.

394 1766 679 1820 Pnoposmo
708 1765 814 1820 111³.
844 1800 908 1807 —-
935 1765 1000 1822 Ut
1042 1766 1318 1822 concilium
1356 1768 1600 1841 qenerale
1626 1770 1713 1835 sit,
1744 1787 1951 1824 necesse
1983 1778 2060 1824 est
2093 1772 2252 1826 inter-
2311 1753 2314 1755 Δ

318 1868 494 1921 venire
530 1884 628 1938 pet·
668 1885 724 1922 36
772 1867 849 1921 vel
892 1852 1115 1938 L⁰eqatos
1155 1885 1278 1922 suos
1322 1867 1620 1945 Romanum
1661 1868 1990 1940 Pontificem.
2030 1904 2100 1910 —-
2133 1869 2248 1925 Non

319 1966 473 2021 enim
499 1966 758 2039 generale
789 1971 873 2022 est
908 1966 1020 2022 nisi
1056 1972 1421 2041 repraesentet
1447 1967 1771 2039 Ecclesiam,
1807 1973 1975 2043 prout
2000 1969 2252 2044 sequitur

320 2085 384 2123 ex
415 2066 733 2140 supradicta
757 2065 1083 2122 definitione
1114 2066 1335 2122 Martini
1360 2067 1420 2124 V.
1448 2068 1547 2124 Sed
1574 2067 1882 2125 Ecclesiam
1908 2087 2017 2125 non
2048 2087 2249 2143 reprae-

320 2167 582 2237 sentabit,
627 2167 674 2223 si
714 2185 826 2223 non
861 2172 1229 2241 repraesentet
1277 2168 1531 2225 Ecclesiae
1574 2176 1763 2244 caput,
1803 2189 1897 2227 seu
1934 2171 2248 2226 Romanum
2323 2247 2326 2251 ι

318 2267 660 2323 Pontificem.
708 2300 777 2307 —
817 2268 968 2323 Idem
1018 2267 1304 2341 colligitur
1352 2287 1418 2324 cx
1467 2269 1727 2325 Ecclesiae
1775 2271 1954 2345 praxi.
2010 2269 2248 2326 Concilia

320 2366 473 2423 enim
504 2366 710 2440 quihus
745 2367 888 2442 Papa
931 2386 1030 2442 per
1068 2386 1126 2424 se
1155 2372 1252 2423 aut
1282 2367 1507 2440 Legatos
1539 2387 1651 2424 non
1687 2369 1970 2442 interfuit,
2017 2388 2127 2427 non
2165 2387 2248 2426 re-

318 2472 475 2540 cepta
518 2475 646 2524 sunt
687 2473 959 2542 tanquam
1002 2468 1374 2540 oecumenica,
1413 2468 1522 2525 nisi
1564 2469 1707 2544 Papa
1751 2470 1869 2544 ipse
1913 2488 2014 2545 per
2051 2467 2247 2526 'subse-

319 2571 586 2639 quentem
636 2585 796 2623 suam
849 2568 1292 2643 acceptationem
1334 2573 1387 2624 et
1429 2567 1915 2625 confirmationem
1968 2569 2246 2626 defectum

316 2665 683 2739 suppleverit,
711 2673 765 2723 et
793 2666 1193 2740 aequivalenter
1231 2685 1330 2723 scu
1369 2668 1553 2740 quoad
1581 2667 1975 2724 auctoritatem
2006 2685 2248 2723 oecume-

318 2763 444 2820 nica
480 2764 809 2821 reddiderit.

390 2862 673 2919 Pnoposmo
711 2863 816 2919 lv³.
842 2898 910 2905 —-
937 2864 1071 2920 Dari
1109 2871 1287 2937 potest
1333 2881 1457 2919 vera
1489 2865 1891 2937 repraesentatio
1934 2863 2246 2920 universalis

315 2962 583 3029 Ecclesiae,
620 2982 679 3019 ac
699 2965 931 3037 proinde
954 2964 1231 3020 concilium
1263 2965 1633 3019 oecumenicmn
1663 2981 1775 3019 esse
1798 2970 1994 3038 potest,
2019 2963 2246 3019 licetad-

313 3065 419 3119 sint
447 3067 755 3137 paucissimi
799 3084 861 3122 ex
899 3067 1166 3122 occidente
1205 3064 1454 3138 Episcopi
1498 3082 1614 3120 cum
1662 3064 1842 3119 multis
1881 3064 2240 3131 orientalibus,

315 3171 367 3220 et
397 3165 505 3219 vice
534 3182 706 3220 versa.
732 3198 798 3204 —
820 3167 958 3222 Nam
985 3166 1043 3221 in
1057 3144 1291 3222 'Nicaeno
1321 3164 1505 3239 primo
1530 3163 1833 3220 interfuere
1864 3164 2154 3221 dumtaxat
2181 3182 2244 3221 ex

315 3264 471 3320 Italia
498 3264 810 3344 presbyteri
834 3266 967 3335 du0,
997 3285 1063 3322 ex
1093 3265 1265 3322 Gallia
1294 3282 1445 3321 unus
1475 3263 1803 3339 Episcopus,
1839 3282 1989 3321 unus
2017 3264 2152 3322 item
2179 3281 2245 3320 ex

314 3363 609 3437 Hispania,
649 3368 703 3420 et
735 3382 885 3420 unus
931 3381 995 3419 ex
1034 3363 1239 3419 Africa.
1289 3362 1350 3417 ln
1395 3361 1632 3418 concilio
1671 3371 1871 3436 quarto
1917 3363 2021 3419 soli
2061 3362 2242 3438 Legati
2293 3391 2296 3394 ⁴

316 3459 598 3515 Pontificis
638 3459 1040 3518 interfuerunt.
1072 3460 1201 3517 Vice
1236 3479 1419 3532 versa,
1460 3461 1519 3516 in
1554 3460 1905 3517 Lateranensi
1939 3460 2044 3516 suh
2081 3460 2242 3515 Inno-

318 3559 502 3615 centio
543 3559 732 3632 tertio,
769 3560 1126 3635 Lugdunensi
1164 3561 1269 3617 sub
1308 3559 1571 3636 Gregorio
1602 3561 1664 3630 X,
1694 3559 2016 3627 Viennensi,
2051 3564 2104 3615 et
2131 3558 2241 3613 Tri-

318 3659 571 3729 dentino,
605 3661 935 3737 paucissimi
969 3681 1031 3720 ex
1066 3661 1306 3732 oriente,
1348 3661 1416 3718 ab
1453 3660 1738 3719 occidente
1771 3660 1958 3718 multi.
1990 3658 2122 3716 lnde
2147 3675 2240 3714 au·
