2340 3990
913 344 1040 392 PARS
1069 341 1285 397 QUARTA.
1947 336 2037 382 285

170 456 295 515 vilis
343 455 574 511 societas
613 458 694 509 est
734 469 920 508 revera
962 449 1336 506 necessarium
1375 443 1620 501 medium
1654 442 1721 498 ad
1763 440 2042 498 societatis

170 553 482 609 domesticae
508 568 605 607 seu
643 548 862 606 familiae
899 547 1084 610 finem;
1119 566 1181 603 ac
1212 544 1443 621 proinde
1481 541 1709 599 omnino
1735 540 2044 596 censendus

171 658 249 706 cst
279 650 418 706 Deus
441 666 559 704 eam
606 645 839 711 voluisse
875 662 938 700 ac
967 645 1296 700 instituisse.
1335 643 1400 696 At
1442 658 1549 696 non
1588 646 1665 696 est
1694 641 1794 694 nisi
1821 638 2045 693 medium

171 747 395 803 relative
418 745 483 801 ad
506 743 793 807 familiam,
828 759 976 807 cum,
1014 759 1079 797 ex
1105 741 1286 810 dictis,
1317 738 1554 803 inutilis,
1586 737 1772 793 nociva
1799 743 1851 792 et
1878 735 2044 792 stulta

171 843 311 898 soret
349 842 464 913 ejus
493 838 786 907 institutit),
837 837 884 893 si
929 838 1136 909 absque
1172 837 1283 891 ulla
1315 835 1569 891 societate
1605 833 1753 890 civili
1792 832 2046 906 quaelibet

170 938 376 994 familia
413 937 576 992 tinem
620 935 725 991 sibi
767 936 1052 1008 proprium
1096 942 1218 1006 apte
1259 939 1439 1007 posset
1477 933 1768 1005 attingere.
1816 930 2046 987 Proinde

169 1031 393 1087 omnino
430 1031 725 1087 caecutiunt
760 1030 854 1103 qui
890 1030 1203 1085 societatem
1245 1029 1463 1084 civilem
1508 1046 1604 1083 seu
1642 1033 1846 1083 statum
1877 1025 2045 1083 veluti

170 1129 443 1202 quoddam
486 1128 694 1183 idolum
720 1129 982 1192 colcnteS,
1013 1131 1210 1198 putant
1229 1126 1518 1180 ‘institutas
1558 1124 1797 1179 familias
1831 1131 2052 1197 propter

171 1226 483 1282 societatem
502 1225 739 1291 civilem,
761 1241 886 1279 curn
918 1241 947 1277 e
972 1228 1159 1277 contra
1179 1222 1463 1277 institutus
1494 1220 1663 1274 fuerit
1684 1226 1858 1274 status
1889 1238 2052 1293 prop-

172 1328 251 1378 ter
275 1322 566 1390 familiam,
602 1321 651 1374 id
688 1327 792 1390 est,
828 1325 1088 1392 tanquam
1116 1318 1359 1374 medium
1387 1317 1453 1373 ad
1483 1317 1648 1372 finem
1675 1316 1898 1371 familiae
1926 1334 2048 1388 pro-

172 1419 377 1495 prium.

243 1518 480 1573 Dicimus
525 1518 578 1571 2⁰
609 1539 618 1569 :
658 1516 970 1571 institutam
1004 1535 1033 1571 a
1074 1518 1172 1572 Deo
1207 1515 1517 1571 societatem
1560 1515 1922 1571 domesticam
1951 1532 2047 1570 seu

171 1614 434 1671 familiam
470 1620 733 1684 tanquam
764 1612 1007 1668 medium
1037 1613 1100 1668 ad
1141 1613 1304 1667 tinem
1348 1612 1622 1667 societatis
1649 1612 1921 1684 religiosae
1956 1629 2053 1667 seu

171 1709 439 1766 Ecclesiae.
484 1710 734 1765 Instituta
762 1710 964 1783 quippe
993 1710 1097 1765 fuit
1141 1709 1378 1765 Ecclesia
1408 1715 1469 1763 ut
1503 1709 1784 1777 homines,
1819 1709 1934 1780 jam
1957 1725 2053 1781 per

170 1807 432 1861 familiam
473 1812 784 1880 procreatos
821 1812 875 1862 et
914 1806 1189 1875 educamS,
1238 1805 1647 1880 supernaturali
1684 1805 1812 1868 vita,
1860 1822 2051 1877 supcr-

170 1903 625 1977 naturalibusquc
668 1905 863 1960 modiis
905 1904 970 1959 ad
1016 1911 1275 1960 aeternam
1326 1905 1725 1959 beatitudinem
1773 1903 2047 1976 disponat.

170 2003 337 2076 igitur
378 2004 686 2058 liberorum
731 2002 1035 2076 procreatio
1069 2009 1119 2057 et
1153 2003 1424 2067 educatio,
1470 2020 1565 2057 scu
1608 2001 1734 2076 linis
1776 2000 2051 2057 societatis

171 2100 502 2167 domesticae,
538 2109 618 2157 est
644 2101 891 2156 medium
922 2100 1146 2155 relative
1171 2101 1235 2155 ad
1260 2099 1578 2155 Ecclesiam.

243 2199 480 2254 Dicimus
517 2201 568 2254 5⁰
595 2221 604 2254 :
632 2179 930 2255 Ecclesiam
958 2217 1078 2254 esse
1113 2198 1360 2254 medium
1385 2197 1611 2252 relative
1635 2196 1701 2250 ad
1731 2197 1893 2251 tinem
1925 2196 2052 2251 ulti-

173 2313 324 2350 mum
347 2314 511 2368 quem
541 2297 680 2352 Deus
718 2297 968 2352 homines
1009 2297 1247 2352 creando
1277 2295 1381 2351 sibi
1421 2294 1725 2367 proposuit.
1764 2293 2053 2349 Enimvero

174 2391 274 2448 istc
308 2393 432 2448 linis
477 2392 729 2461 ultimuS,
770 2399 933 2467 prout
958 2394 1326 2466 propositionc
1364 2391 1541 2465 prima
1567 2390 1942 2464 probavimus,
1973 2396 2055 2446 est

167 2495 407 2545 aeternus
442 2490 640 2545 amoris
677 2497 832 2546 actus
864 2510 971 2563 quo
1011 2491 1244 2563 quilibet
1282 2489 1444 2545 bomo
1484 2489 1539 2543 in
1584 2490 2052 2562 Dcu1n,tanquam

174 2604 459 2641 summum
500 2588 701 2641 bonum
736 2587 860 2642 totis
888 2588 1101 2643 viribus
1149 2606 1265 2643 sese
1305 2587 1462 2651 seret,
1508 2593 1561 2642 et
1594 2605 1688 2660 per
1730 2605 1893 2658 quem
1937 2586 2054 2659 ipsc

174 2682 310 2738 Deus
354 2701 471 2739 sese
509 2682 744 2754 attingit,
789 2682 971 2756 ipsum
1020 2683 1232 2738 intinitc
1268 2682 1618 2757 complendO.
1661 2683 1905 2756 Cumque
1951 2683 2055 2739 iste

177 2787 328 2836 actus
370 2782 539 2854 possit
564 2801 682 2837 esse
718 2783 800 2837 vel
835 2784 1027 2839 fruens
1069 2783 1279 2855 objecto
1308 2801 1429 2852 stio,
1467 2782 1523 2838 id
1552 2788 1654 2853 est,
1684 2801 1901 2837 summa
1927 2784 2053 2839 bea-

180 2874 374 2941 titudo,
417 2877 500 2930 vel
535 2877 745 2948 objecto
787 2879 876 2932 illo
920 2897 1114 2933 carens
1158 2897 1255 2933 seu
1292 2878 1595 2947 damnatio,
1640 2878 1811 2933 voluit
1850 2880 1988 2935 Deus
2025 2898 2054 2935 a

173 2971 346 3029 libero
392 2973 633 3029 bominis
681 2973 906 3029 arbitrio
943 2974 1179 3047 pendere
1223 2981 1516 3047 utramque
1557 2977 1949 3044 conditionem3
1999 2984 2052 3032 et

176 3069 296 3126 idco
326 3070 563 3126 instituit
589 3078 966 3127 transeuntem
1000 3077 1053 3127 et
1084 3073 1388 3127 necessario
1419 3073 1700 3129 linituram
1733 3081 2049 3131 terrestrem

176 3166 360 3239 vitam,
402 3167 456 3223 in
490 3187 595 3242 qua
638 3171 798 3224 bomo
843 3170 1173 3225 alterutrum
1215 3170 1462 3243 eligcrct;
1505 3178 1559 3227 et
1599 3172 1768 3229 simul
1814 3172 2056 3228 instituit

176 3266 501 3328 Ecclesiam;
535 3267 591 3322 in
619 3286 722 3340 qua
755 3275 805 3323 et
832 3286 930 3342 per
960 3287 1121 3341 quam
1158 3271 1541 3344 unusquisque
1582 3273 1745 3327 homo
1766 3273 2057 3343 juvaretur

178 3369 229 3417 et
265 3362 642 3435 impelleretur
674 3364 742 3419 ad
785 3365 1099 3438 eligendum
1141 3367 1350 3422 dictum
1393 3374 1575 3424 actum
1614 3370 1908 3431 fruentem,
1955 3383 2050 3443 scu

181 3477 456 3514 summam
498 3460 915 3519 beatitudinem.
955 3464 1124 3536 Igitur
1162 3466 1280 3539 ipsa
1325 3466 1493 3522 etiam
1543 3466 1781 3522 Ecclesia
1820 3469 1904 3518 cst
1945 3482 2054 3518 me-

182 3554 332 3611 dium
360 3557 580 3613 relative
605 3559 669 3614 ad
694 3560 859 3616 tinem
887 3561 1148 3618 ultimum
1176 3582 1340 3636 quern
1371 3566 1511 3619 Deus
1542 3563 1789 3618 homines
1818 3561 2053 3617 creando

183 3651 432 3707 intendit.
