2340 3990
22 43 26 46 Δ
51 0 115 77 ³1?

54 139 78 218 ς

62 310 99 343 s‘
812 314 869 358 ΡΑ
878 314 935 360 Rs
965 310 1182 357 OCTAVA.
1851 307 1936 352 399

68 425 216 492 dlii-3,
245 424 283 477 l.
324 422 364 490 l,
403 442 453 478 c.
482 426 607 494 xix).
636 420 744 477 Cur
767 418 1126 476 orientalibus
1151 415 1375 494 synodis
1398 413 1631 482 Romani
1650 411 1940 470 Pontifices

67 537 355 594 nunquam¹
375 518 743 588 interfuerint,
772 522 936 591 atque
961 514 1016 571 id
1040 532 1150 571 non
1178 514 1383 571 factum
1407 529 1528 578 esse
1559 528 1710 577 casu,
1754 508 1849 567 sed
1874 526 1939 565 ex

67 620 213 675 certa
236 613 468 686 ratione,
509 612 630 669 vide
655 611 802 686 apud
831 609 1090 667 eumdem
1124 608 1542 673 Bellarminum‚
1588 607 1710 663 loco
1752 605 1935 662 citato.

66 713 329 771 Probatur
349 717 532 767 autem
558 709 730 767 thesis
755 708 1098 782 argumentis
1125 706 1484 781 sequ‘entibus
1514 725 1526 758 ε

139 813 460 867 Ancnnsaruu
498 808 537 862 l.
570 840 638 850 --
669 808 751 864 Ex
790 808 1023 863 omnibus
1065 807 1348 877 generatim
1382 805 1670 860 rationibus
1697 821 1812 877 quae
1844 802 1947 859 Ro-

69 925 221 965 mano
260 908 499 978 Pontifici
535 906 799 960 vindicant
838 906 1119 978 primmum
1150 903 1530 975 jurisdictionis
1571 904 1626 957 in
1656 903 1948 956 universam

71 1003 370 1061 Ecclesiam.
391 981 751 1075 —Ejusmodi
770 999 974 1083 quippe
999 998 1275 1073 primatus
1299 997 1556 1054 innatum
1576 1015 1765 1054 secum
1785 996 1950 1053 trahit

0 1140 2 1142 v
67 1101 156 1175 jus
183 1099 509 1175 praesidendi
545 1097 792 1155 conciliis
833 1095 1206 1152 oecumenicis.
1254 1094 1548 1150 Enimvero
1590 1094 1638 1149 vi
1679 1111 1952 1167 supremae

0 1233 3 1256 ÷
74 1215 184 1254 suae
197 1196 604 1271 jurisdictionis
626 1195 683 1250 in
709 1193 1020 1249 universam
1047 1191 1365 1257 Ecclesiam,
1395 1190 1463 1245 ad
1488 1191 1799 1246 Romanum
1819 1191 1952 1245 Pon-

0 1277 1 1283 *
74 1295 271 1352 liflcem
299 1294 530 1369 pertinet
567 1298 743 1348 totum
782 1290 1035 1346 Ecclesiae
1075 1288 1340 1361 regimen.
1385 1287 1725 1344 OEcumenici
1765 1292 1949 1342 autem

0 1420 2 1450 ι
76 1391 295 1449 concilii
334 1389 653 1459 moderatio,
683 1405 808 1461 pars
836 1390 920 1442 est
945 1384 1232 1458 regiminis
1272 1383 1542 1449 Ecclesiae,
1579 1389 1642 1438 ut
1681 1388 1847 1458 patet.
1889 1382 1950 1437 Et

0 1539 2 1563 ἶ
81 1488 376 1545 moderatio
403 1489 515 1542 haec
551 1492 631 1542 est
660 1485 958 1558 ipsummet
990 1482 1234 1538 officium
1281 1482 1548 1555 praesidiS.
1582 1482 1720 1555 Ergo
1754 1482 1820 1537 ad
1857 1481 1951 1536 Pa-

0 1603 2 1621 *
79 1603 204 1659 pam
233 1584 474 1640 osticium
501 1583 638 1638 illud
665 1583 923 1656 pertinet.
955 1581 1103 1636 Unde
1133 1579 1367 1636 rationes
1403 1597 1618 1649 omnes,
1661 1579 1863 1652 quibus
1898 1579 1954 1633 in

0 1698 4 1764 f
81 1682 253 1755 prima
295 1686 554 1736 tractatus
597 1686 750 1754 parte
801 1678 1061 1735 Romanis
1105 1677 1456 1734 Pontificibus
1509 1677 1819 1733 vindicatus
1873 1682 1953 1732 est

0 1799 4 1819 ι
79 1766 346 1850 primatus
384 1776 808 1849 jurisdictionis,
840 1776 1008 1831 simul
1044 1775 1181 1848 ipsis
1207 1773 1485 1829 vindicant
1518 1773 1770 1830 conciliis
1809 1790 1955 1828 oecu-

0 1893 8 1932 ι
82 1874 309 1933 menicis
335 1874 662 1947 praesidendi
695 1873 1128 1947 praerogativam.
1151 1872 1418 1927 ——Simile
1444 1878 1836 1946 argumentum
1866 1872 1957 1927 de-

0 1990 5 2022 »
82 1971 207 2027 duci
245 1976 420 2044 potest
461 1989 489 2026 e
529 1971 689 2026 tertia
722 1975 982 2026 tractatus
1025 1978 1196 2043 parte,
1233 1969 1329 2024 ubi
1364 1969 1585 2042 probata
1619 1975 1699 2025 est
1730 1967 1957 2024 Romani

0 2086 6 2130 ι
80 2068 350 2124 Pontificis
395 2087 560 2142 supra
601 2068 892 2124 concilium
938 2067 1254 2123 auctoritas.
1306 2066 1414 2122 Hoc
1461 2067 1580 2140 ipso
1623 2066 1772 2122 enim
1814 2066 1959 2140 quod

6 2206 13 2215 ·
83 2168 204 2242 quis
230 2168 301 2224 sit
322 2168 573 2241 superior
601 2167 834 2240 alicujus
860 2170 1055 2235 coetuS,
1086 2182 1183 2221 seu
1212 2164 1667 2237 congregationiS,
1697 2169 1749 2219 et
1772 2181 1962 2220 omnes

0 2304 6 2311 -
84 2264 158 2322 sic
179 2265 490 2338 congregati
517 2269 807 2320 teneantur
833 2264 938 2338 ipsi
965 2262 1205 2331 obedire,
1244 2263 1407 2318 habet
1431 2262 1602 2318 simul
1629 2261 1960 2335 praesidendi

0 2351 8 2373 ''
81 2362 191 2437 juS.
219 2364 280 2418 Et
300 2364 415 2418 vice
439 2381 591 2419 versa
618 2369 726 2418 non'
752 2370 897 2418 esset
926 2362 1177 2435 superior
1200 2362 1424 2418 relative
1450 2361 1517 2417 ad
1543 2362 1708 2418 talem
1736 2379 1963 2434 congre-

86 2461 379 2532 gationem,
426 2461 473 2517 si
516 2462 650 2530 haec,
687 2461 856 2516 invito
891 2462 1030 2535 ipse,
1073 2466 1257 2535 posset
1304 2460 1474 2515 alium
1515 2454 1805 2535 praesidem
1832 2459 1964 2532 legi-

86 2557 219 2613 time
244 2558 348 2614 sibi
375 2560 727 2614 constituere.

161 2657 490 2711 Annuusnrmu
525 2657 586 2710 ll.
610 2689 675 2696 —-
708 2656 788 2710 Em
832 2673 888 2710 eo
920 2656 1056 2727 qnod
1093 2655 1374 2727 leqitae‘mum
1402 2673 1513 2710 esse
1540 2663 1759 2727 nequeat
1795 2656 1963 2710 conci—

89 2752 213 2807 lium
259 2753 444 2823 absque
482 2771 692 2807 assensu
731 2753 951 2808 Romani
996 2753 1282 2824 pontilicis.
1320 2787 1390 2794 —
1426 2752 1803 2807 Necessarium
1847 2770 1967 2807 esse

89 2848 318 2904 Romani
343 2848 615 2904 pontificis
644 2866 953 2917 assensum,
977 2855 1038 2903 ut
1061 2849 1304 2920 legitime
1330 2849 1643 2910 celebretur
1664 2847 1964 2903 concilium

93 2946 342 3020 generale
368 2964 430 3001 ac
472 2946 591 3017 ejus
618 2945 831 3001 decreta
871 2945 981 3000 vim
1021 2945 1274 3014 habeant,
1316 2945 1611 3018 probatum
1651 2950 1732 3002 est
1773 2963 1963 3019 supra,

94 3048 242 3117 parte
266 3043 444 3098 tertia.
467 3043 646 3098 Potest
671 3059 800 3113 ergo
826 3041 1091 3113 Pontifex,
1122 3059 1413 3098 assensum
1437 3062 1600 3098 suum
1625 3042 1965 3116 denegandO,

96 3140 373 3212 quodlibet
397 3139 715 3204 concilium,
740 3139 830 3194 cui
861 3138 998 3211 ipse,
1032 3156 1128 3212 per
1154 3157 1211 3195 se
1237 3140 1317 3195 vel
1342 3159 1436 3214 por
1463 3140 1670 3214 legatos
1699 3159 1809 3197 non
1838 3159 1970 3214 prae-

99 3233 316 3305 sideret,
345 3236 698 3307 illegitimum
732 3241 784 3291 et
816 3235 1036 3290 irritum
1067 3235 1316 3292 reddere.
1348 3238 1449 3294 Sed
1484 3239 1588 3293 hoc
1626 3239 1746 3310 ipso
1784 3239 1847 3292 ad
1878 3239 1968 3293 Pa-

100 3346 220 3404 pam
246 3332 482 3406 pertinet
501 3331 594 3404 jus
617 3331 972 3404 praesidendi,
1000 3337 1061 3388 ut
1086 3339 1253 3406 patet.

174 3427 497 3484 Aneuuenruu
523 3428 609 3482 ΙΙΙ.
631 3459 696 3467 -
714 3428 758 3482 E
782 3429 1034 3501 theoloqia
1059 3429 1465 3502 Wirceburqensi
1493 3433 1879 3503 transcriptum.
1898 3465 1965 3472 ——

61 3578 67 3585 ,
106 3522 246 3580 «Jus
277 3524 602 3599 praesidendi
644 3524 877 3581 concilio
915 3525 1155 3595 generali
1192 3528 1518 3600 regulariter
1548 3530 1614 3584 ad
1651 3530 1990 3595 Pontificem,

103 3614 404 3679 Romanum
432 3622 688 3697 pertinet.
727 3623 1023 3679 Probatur:
1055 3623 1151 3697 qui
1177 3624 1235 3680 in
1271 3625 1505 3681 concilio
1535 3628 1775 3698 generali
1807 3629 1971 3685 habet
