2340 3990
117 0 245 106 ff

831 294 960 343 PARS
990 292 1211 349 QUARTA.
1870 289 1957 336 25⁹1

83 409 398 490 griminelle
440 404 744 482 entreprise
789 403 856 461 de
903 402 1172 478 quelques
1217 396 1451 455 factieux
1492 413 1571 452 un
1598 395 1777 471 <appui
1818 413 1960 470 pour

89 508 212 567 leur
260 506 499 582 opinion.
558 504 957 570 Commencons
995 515 1095 573 par
1133 501 1420 572 rapporter
1489 492 1833 551 brievement
1877 492 1960 549 les

89 602 242 756 fellisti
266 700 396 771 822,
415 698 549 755 dans
568 696 621 752 le
640 691 848 751 concile
864 689 1144 764 d'Auigni‚
1162 690 1323 747 Louis
1346 689 1395 747 16
1416 689 1778 759 Debonnaire‚
1799 706 1963 765 pour-

92 795 233 854 suivi
259 795 457 871 parles
477 789 726 849 remords
751 790 819 846 de
844 807 899 845 sa
927 787 1253 844 conscience
1278 786 1373 860 qui
1403 785 1483 842 lui
1513 783 1824 859 reprochait
1846 801 1965 840 cer-

92 895 233 952 tains
257 899 399 951 actes
425 889 734 964 d'injustice
766 891 820 945 et
850 887 916 944 de
961 889 1208 952 cruente,
1251 885 1397 941 avait
1433 884 1530 941 fait
1568 902 1678 941 une
1719 888 1866 941 sorte
1897 883 1964 939 de

92 994 378 1069 penitence
401 988 667 1065 publique
693 992 747 1044 et
781 1003 912 1055 recu
952 983 1307 1041 l’ahsolution
1331 982 1399 1039 de
1436 1000 1523 1039 ses
1557 983 1774 1057 peches.
1818 982 1966 1039 Cette

94 1091 373 1167 penitence
395 1087 476 1143 sut
500 1086 786 1141 volontaire
818 1083 886 1140 de
910 1101 964 1139 36
991 1088 1133 1156 part,
1162 1086 1216 1136 et
1248 1098 1308 1137 ce
1336 1097 1406 1136 ne
1437 1079 1520 1134 fut
1546 1080 1699 1153 point
1731 1080 1784 1135 la
1812 1080 1967 1153 peni-

94 1195 248 1248 tence
272 1186 531 1263 publique
563 1188 916 1259 proprement
941 1181 1076 1250 dite,
1106 1179 1226 1253 qui,
1262 1178 1475 1253 d'apres
1509 1178 1590 1234 les
1619 1196 1843 1249 canonS,
1871 1197 1966 1235 en-

94 1282 304 1341 trainait
323 1297 449 1336 avec
472 1279 524 1334 16
548 1277 854 1352 deposition
879 1279 954 1334 du
979 1276 1260 1342 baudrier‚
1289 1276 1342 1331 la
1374 1274 1750 1332 renonciation
1776 1276 1970 1348 perpe-

90 1379 257 1438 tuelle
281 1380 309 1434 6
338 1382 516 1433 toutes
544 1377 626 1433 les
650 1377 880 1450 charges
903 1375 1088 1432 civiles
1110 1380 1163 1430 (1
1185 1374 1498 1430 militaires.
1529 1373 1646 1428 Elle
1670 1377 1751 1428 est
1775 1389 1969 1428 racon-

88 1478 172 1533 166
196 1493 266 1532 en
291 1493 378 1531 ces
407 1482 606 1530 [ermes
637 1492 737 1548 par
777 1474 1017 1530 l'auteur
1049 1474 1115 1530 (16
1159 1491 1217 1529 36
1243 1473 1326 1529 vie
1352 1495 1362 1527 ε
1393 1472 1542 1528 Anno
1578 1472 1710 1526 huuc
1737 1472 1971 1543 sequenti

70 1577 366 1649 jmperator
392 1582 692 1631 conventum
724 1573 1012 1646 yeneralem
1052 1575 1187 1629 coire
1212 1574 1373 1645 jussit
1407 1574 1462 1626 in
1495 1571 1603 1626 loco
1640 1571 1780 1643 cujus
1820 1587 1969 1625 voca-

47 1699 52 1709 ⁴
91 1659 259 1729 'ulum
299 1680 374 1728 est
399 1674 708 1728 Attiuiacus.
747 1671 808 1726 Iu
839 1690 935 1744 quo
965 1673 1253 1726 convocatis
1285 1671 1353 1725 ad
1389 1670 1658 1725 concilium
1693 1670 1965 1741 episcopi-3,

58 1773 379 1837 abbatibus,
421 1770 876 1843 spiritualibusque
907 1771 1051 1835 viris,
1090 1787 1288 1825 uecuon
1339 1772 1482 1840 requi
1528 1771 1610 1824 sui
1647 1769 1966 1842 proceribuS‚

51 1866 252 1946 'primo
278 1871 481 1943 quidem
514 1870 764 1941 [ratribus
791 1869 1112 1924 reconciliari
1138 1869 1338 1923 studuit
1357 1886 1480 1940 quos
1506 1870 1694 1923 invitos
1710 1868 1972 1923 attonderi

90 1970 528 2043 fecerat:deinde
572 1969 804 2023 omnibus
851 1968 1030 2040 quibus
1085 1968 1282 2039 aliquid
1325 1969 1518 2022 Iaesurae
1551 1968 1786 2022 intulisse
1832 1967 1970 2022 vide-

90 2069 260 2124 batur.
296 2068 421 2123 Post
448 2068 556 2122 haec
592 2068 773 2140 palam
798 2085 854 2122 se
896 2085 1097 2122 errasse
1132 2066 1416 2137 confessus,
1463 2074 1513 2122 et
1544 2068 1776 2121 imitatus
1813 2066 1969 2121 Theo-

91 2166 222 2222 dosii
268 2167 593 2239 imperatoris
638 2165 948 2237 exemplum,
981 2167 1339 2237 poeniteutiam
1382 2183 1694 2220 SPONTANEAM
1725 2166 1967 2236 suscepit,

93 2271 197 2320 tam
231 2265 293 2320 de
321 2266 400 2319 his
433 2283 585 2337 quam
609 2282 723 2337 qaae
751 2266 804 2318 in
828 2263 1152 2319 Bernardum
1186 2250 1422 2337 nepotem
1452 2265 1727 2337 proprium
1746 2269 1974 2335 qesserat

96 2362 155 2436 (il
181 2362 321 2417 avait
348 2362 446 2417 fait
485 2379 673 2418 crever
712 2361 791 2418 les
821 2379 962 2436 yeux
1002 2364 1030 2417 6
1069 2361 1330 2431 Bernard,
1361 2361 1457 2435 qui
1504 2361 1636 2417 61611
1681 2366 1826 2416 mort
1867 2379 1973 2434 peu

92 2461 296 2534 apres).
341 2459 405 2514 Et
442 2462 697 2533 corriyeus
740 2462 786 2515 si
826 2459 949 2531 quid
993 2460 1175 2515 talium
1218 2460 1294 2516 vel
1340 2478 1372 2515 a
1419 2479 1475 2515 se
1509 2460 1588 2516 vel
1623 2471 1654 2515 a
1692 2468 1845 2534 patre
1881 2478 1974 2515 suo

94 2565 288 2631 yestum
310 2560 527 2630 reperiri
557 2559 743 2614 alicubi
761 2560 956 2631 potuit,
986 2561 1143 2613 etiam
1166 2558 1514 2631 plurimarum
1537 2558 1978 2632 eleemosynarum

96 2656 384 2729 turpilione,
413 2655 503 2711 secl
533 2662 582 2710 et
606 2673 871 2710 servorum
908 2655 1099 2711 Christi
1140 2659 1434 2711 orationum
1476 2658 1749 2723 instantia,
1780 2675 1975 2712 necnon

94 2755 309 2825 propria
328 2754 700 2823 satisfactione,
721 2752 849 2807 adeo
874 2751 1199 2806 divinitatem
1221 2753 1318 2806 sibi
1333 2751 1549 2825 placare
1574 2753 1807 2823 curabat,
1829 2755 1978 2824 quasi

99 2851 207 2906 haec
251 2868 359 2922 quae
399 2850 628 2921 legaliter
664 2868 819 2922 super
862 2867 1271 2922 unumquemque
1313 2850 1665 2921 decurrerant,
1699 2869 1796 2906 sua
1835 2858 1980 2922 qesta

98 2951 291 3021 suerint
316 2948 636 3004 crudelitate.
672 2947 1053 3020 (Astronomus
1081 2947 1139 3003 in
1163 2947 1274 3003 vita
1299 2948 1578 3004 Ludovici.
1605 2948 1764 3023 Apud
1787 2948 1978 3020 Coleti,

100 3051 144 3103 t.
167 3048 249 3119 IX,
277 3067 329 3123 p.
364 3048 517 3119 626.)
560 3047 623 3102 La
661 3046 947 3119 penitence
986 3064 1092 3119 que
1132 3044 1295 3102 Louis
1334 3046 1387 3103 16
1414 3047 1751 3105 Debonnaire
1786 3049 1981 3105 voulut

106 3142 244 3201 alors
266 3144 400 3224 faire
424 3145 842 3219 spontanement
882 3148 935 3199 et
977 3161 1077 3218 par
1102 3143 1353 3200 devotion
1377 3145 1636 3213 consiste,
1666 3164 1879 3203 comme
1908 3165 1978 3202 on

109 3226 234 3309 voit,
257 3242 389 3298 dans
428 3260 537 3298 une
579 3241 890 3298 confession
923 3241 1191 3316 publique
1235 3242 1302 3298 de
1344 3261 1434 3299 ses
1475 3245 1676 3315 fantes,
1705 3245 1842 3300 dans
1883 3244 1977 3299 des

113 3340 383 3410 aumones,
409 3341 504 3396 (163
530 3340 738 3414 prieres
766 3345 819 3396 et
842 3341 1033 3397 choses
1062 3341 1411 3398 semblables
1443 3342 1572 3398 Mais
1606 3343 1644 3398 il
1673 3362 1742 3399 ne
1776 3344 1973 3415 deposa

113 3431 264 3504 point
289 3434 362 3492 les
385 3455 564 3494 armes
589 3437 647 3491 ni
676 3437 755 3493 les
782 3444 1102 3494 ornements
1127 3439 1456 3514 imperiumn,
1489 3460 1559 3497 on
1586 3460 1655 3499 ne
1685 3442 1763 3497 lui
1803 3455 1974 3511 coupa

111 3529 262 3602 point
286 3531 362 3590 les
384 3536 640 3604 cheveux‚
667 3553 738 3591 on
763 3555 832 3593 ne
854 3537 934 3592 lui
971 3537 1031 3592 fit
1061 3539 1216 3613 point
1248 3539 1600 3614 l'impos'ition
1637 3541 1733 3596 des
1771 3537 1973 3606 mains,

109 3630 440 3690 ceremonies
476 3635 748 3691 reservees
769 3637 799 3690 6
826 3636 876 3691 16
901 3635 1186 3709 penitence
1228 3643 1585 3714 proprement
1621 3636 1730 3692 dite
1754 3634 1850 3708 qui
1879 3651 1975 3690 en-
