2340 3990
847 341 977 388 PARS
1005 339 1207 394 QUINTA.
1881 333 1968 380 513

97 455 317 513 bantur.
347 452 497 517 Quod
516 452 717 518 factum
740 447 828 505 his
843 447 1021 504 verbis
1054 450 1320 503 memorat
1346 443 1602 499 Constant
1634 442 1708 515 (p.
1746 440 1914 511 5754)
1954 462 1966 494 ι

19 557 29 562 ”
97 551 200 610 Iste
221 550 652 622 prudentissimus
685 546 835 617 Papa
860 545 1149 599 schismatis
1184 542 1432 597 radicitus
1467 538 1765 612 extirpandi
1797 539 1972 610 qratia

98 652 454 714 constituerat,
490 652 556 700 ut·
577 647 631 700 in
657 645 736 698 his
769 643 893 698 locis
929 644 981 697 in
1009 643 1187 713 quibus
1214 642 1314 696 duo
1349 646 1498 695 erant
1536 637 1798 712 Episcopi,
1836 654 1971 692 unus

95 747 465 812 schismaticus,
490 741 624 797 alter
648 740 948 807 catholicus,
981 739 1069 794 ille
1090 740 1486 809 confirmaretur
1515 738 1600 809 qui
1627 738 1813 809 fuisset
1834 735 1973 790 ordi-

95 853 249 900 natus
285 845 452 915 prior,
495 846 546 895 et
569 839 719 893 alteri
751 837 894 909 plebs
931 837 1035 892 alia
1064 837 1288 910 reqenda
1325 836 1708 908 provideretur.
1747 833 1851 890 Sed
1888 834 1974 889 ubi

95 949 209 998 erat
231 940 445 995 unitatis
478 936 847 1007 compensatiO,
873 934 954 988 lex
981 935 1208 1006 pristina
1245 933 1308 999 de
1333 949 1438 986 non
1461 932 1733 986 servandis
1768 930 1974 985 honori-

91 1038 202 1102 bus,
238 1042 295 1090 ut
326 1037 381 1090 in
420 1034 715 1089 Innocentio
750 1031 966 1103 aliisque
994 1031 1323 1103 pontificibus
1355 1031 1515 1084 visuri
1541 1047 1739 1098 sumus,
1774 1030 1976 1101 inteqra

92 1133 387 1203 illibataque
420 1130 730 1202 permansit.

169 1228 249 1283 Vl.
274 1228 504 1282 Sanctus
522 1222 813 1295 Gregorius
830 1221 1054 1292 Magnus
1073 1218 1408 1292 dispensavit
1432 1236 1557 1274 cum
1577 1218 1775 1274 Siculis
1794 1220 1974 1292 quoad

94 1340 355 1380 canonem
384 1323 415 1376 5
442 1319 659 1376 concilii
682 1317 904 1388 Nicaeni,
929 1316 1340 1391 praecipientem
1374 1314 1538 1370 bisin
1562 1332 1705 1370 anno
1739 1315 1974 1370 concilia

93 1397 376 1475 celebrari.

163 1517 433 1570 Pnoposmo
450 1513 551 1569 VP.
575 1545 642 1555 ,-
664 1512 882 1567 Tenetur
907 1512 1081 1582 aliquo
1110 1528 1230 1565 vero
1257 1528 1411 1565 sensu
1439 1509 1703 1564 Romanus
1729 1510 1975 1582 Pontifex

93 1614 161 1669 ad
199 1614 576 1667 observantiam
611 1628 884 1675 canonum,
930 1610 1046 1664 licet
1073 1615 1383 1680 potestatem
1417 1609 1600 1662 habeat
1634 1607 1753 1662 illos
1791 1610 1974 1662 immu-

94 1713 259 1768 tandi.
285 1708 595 1784 —‘Duplici
635 1710 796 1764 titulo
836 1708 1062 1764 omnino
1096 1707 1311 1762 diverso
1356 1706 1590 1778 intelligi
1630 1711 1806 1779 potest
1841 1707 1977 1762 obli-

93 1810 235 1883 gatio
271 1810 512 1863 Romano
544 1807 791 1863 Pontifici
833 1807 1158 1862 incumbens
1205 1805 1456 1861 servandi
1491 1822 1762 1860 canones:
1810 1805 1862 1859 id
1897 1811 1979 1861 est

92 1908 175 1962 vel
209 1908 335 1979 quia
378 1906 493 1979 ipse
527 1911 607 1962 est
646 1907 924 1978 subjectus
960 1906 1067 1978 legi
1096 1911 1147 1960 et
1186 1903 1441 1977 potestati
1474 1902 1566 1975 qui
1607 1902 1784 1974 legem
1823 1903 1971 1972 tulit,

92 2003 178 2058 vel
216 2002 340 2074 quia
380 2000 503 2056 licet
545 2019 651 2055 non
692 2000 761 2055 sit
804 2000 1097 2071 subjectuS‚
1129 2005 1344 2054 tenetur
1386 2004 1592 2067 tamen,
1624 2000 1690 2054 ad
1731 1997 1975 2054 dandum

93 2100 298 2155 bonum
339 2099 651 2172 exemplum
678 2103 731 2152 et
764 2098 830 2152 ad
871 2097 1086 2152 vitanda
1128 2096 1576 2152 immutationum
1620 2102 1977 2164 nocumenta,

93 2211 323 2249 canones
350 2193 581 2248 firmiter
614 2210 830 2248 servare
863 2193 959 2247 ubi
988 2210 1098 2246 non
1134 2198 1292 2264 urget
1323 2193 1644 2247 mutationis
1681 2193 1977 2248 necessitas

91 2291 173 2346 vel
217 2291 445 2346 utilitas.
498 2292 665 2345 Porro
699 2291 814 2362 jam
860 2291 1153 2363 probatum
1203 2295 1286 2344 est
1323 2291 1477 2345 nullo
1522 2291 1682 2345 modo
1730 2291 1975 2346 Romano

91 2387 334 2442 Pontifici
361 2388 681 2443 incumbere
703 2388 1116 2460 obligationem,
1147 2386 1201 2441 in
1223 2387 1394 2461 priori
1420 2405 1583 2442 sensu
1614 2388 1972 2461 intellectam,

93 2487 343 2542 servandi
373 2505 627 2542 canones
658 2489 723 2541 At
750 2506 877 2542 vero
901 2487 1289 2560 obligationem
1309 2486 1366 2540 in
1395 2486 1636 2542 secundo
1667 2505 1831 2542 sensu
1858 2503 1977 2543 esse
2043 2541 2058 2558 ‚

93 2580 497 2651 affirmandam,
529 2588 579 2636 et
611 2582 748 2636 ratio
781 2583 945 2637 dictat
970 2589 1023 2638 et
1050 2602 1292 2657 persaepe
1321 2582 1614 2656 Pontifices*
1631 2582 1737 2656 ipsi
1767 2582 1977 2653 procla-

95 2684 332 2744 marunt,
350 2687 406 2734 ut
425 2678 482 2732 in
499 2681 743 2751 sequenti
764 2681 1138 2754 propositione
1153 2682 1489 2736 ostendetur.
1505 2681 1655 2735 Unde
1673 2680 1896 2752 quaestio
1911 2680 1978 2734 de

93 2773 333 2828 Romano
363 2776 618 2831 Pontifice
641 2778 816 2849 quoad
840 2796 1072 2834 canones
1100 2779 1348 2850 ejusdem
1383 2784 1594 2833 naturae
1625 2783 1706 2833 est
1736 2795 1798 2832 ac
1832 2794 1979 2848 quae-

96 2869 201 2924 stio
224 2870 290 2923 de
317 2887 574 2942 supremo
592 2870 838 2943 principe
857 2873 1148 2945 temporali
1169 2874 1346 2944 quoad
1369 2874 1540 2944 leges,
1564 2872 1672 2927 Hoc
1692 2872 1806 2944 ipso
1832 2872 1978 2943 quod

93 2965 343 3039 princeps
368 2967 684 3039 temporalis
710 2967 781 3022 sit
809 2986 1065 3041 suprema
1099 2968 1417 3036 auctoritas,
1447 2969 1591 3039 leges
1617 2968 1702 3023 vel
1737 2986 1767 3023 a
1801 2986 1858 3023 se
1891 2968 1978 3023 vel

94 3079 124 3116 a
158 3063 648 3135 praedecessoribus
675 3064 810 3118 latas
835 3063 1011 3120 valide
1038 3071 1251 3120 mutare
1286 3070 1484 3136 potest,
1519 3083 1621 3121 nec
1651 3065 1730 3120 eis
1764 3066 1976 3138 legibus

91 3162 347 3232 tanquam
377 3161 631 3216 subditus
673 3162 1089 3236 constringitur.
1126 3163 1484 3228 Cum'tamen
1524 3163 1751 3219 mutatio
1786 3164 1971 3235 legum

94 3255 298 3328 absque
327 3258 638 3315 rationabili
666 3279 826 3317 causa
856 3263 1046 3318 nociva
1070 3262 1157 3329 sit,
1187 3269 1239 3318 et
1265 3264 1521 3320 nocivum
1556 3265 1759 3338 pariter
1789 3281 1974 3320 exem-

93 3353 246 3426 plum
288 3357 552 3429 principis
595 3359 736 3431 leges
775 3379 886 3416 non
926 3363 1214 3434 servantis,
1262 3363 1441 3419 oritur
1485 3382 1551 3418 ex
1602 3363 1781 3417 altiori
1822 3363 1969 3433 jure,

95 3467 292 3524 nempe
327 3454 560 3508 naturali
602 3473 702 3512 seu
737 3459 942 3529 divino,
985 3461 1244 3533 obligatio
1282 3462 1589 3535 principem
1626 3459 1971 3530 adstiingens

96 3547 164 3600 ad
192 3547 374 3618 legum
411 3550 524 3621 jam
551 3544 849 3625 vigentium
874 3557 1299 3624 observantiam,
1331 3564 1485 3614 extra
1511 3575 1698 3611 casum
1729 3554 1968 3610 necessi-

96 3643 250 3700 tariae
265 3653 359 3702 aut
376 3647 527 3704 utilis
541 3652 878 3709 mutationiS.
897 3654 971 3709 De
987 3673 1094 3728 quo
1107 3657 1235 3729 jure
1252 3655 1699 3712 Valentinianum
1720 3653 1974 3710 monebat
