2352 4126
908 366 1038 414 PARS
1066 365 1286 419 QUARTA.
1989 363 2048 411 27

174 493 300 551 pag.
332 474 466 547 287,
493 473 717 531 coloniae
738 471 1051 546 Agrippinae
1082 471 1275 546 1622.)
1303 470 1443 527 Sunt
1472 468 1664 526 eadem
1688 468 1864 526 ferme
1883 470 2051 527 verba

173 573 378 648 quibus
416 578 470 631 et
501 573 782 647 Hugonem
820 570 1068 626 aSancto
1098 570 1312 626 Victore
1350 586 1519 626 usum
1554 568 1730 626 fuisse
1767 585 1935 643 supra
1972 569 2051 624 vi-

166 671 369 728 dimus.

494 903 518 955 g
544 902 584 943 6.
603 925 654 931 -
684 900 883 942 Doctrina
905 899 1037 941 sancti
1062 898 1200 940 lvonis
1223 899 1487 943 Carnotensis
1510 901 1712 954 Episcopi.

230 1046 435 1101 Tenus
471 1044 511 1098 1.
533 1042 702 1099 —Ad
739 1041 1037 1097 Henricum
1071 1039 1277 1113 Angliae
1321 1058 1512 1112 regem
1552 1041 1775 1114 scripsit
1813 1042 1870 1097 in
1907 1044 2056 1098 hunc

178 1141 442 1199 modum:
478 1161 504 1192 «
528 1139 664 1204 Quia
697 1156 786 1194 res
830 1155 1020 1194 omnes
1057 1155 1168 1193 non
1213 1136 1375 1192 aliter
1415 1137 1556 1192 bene
1598 1137 2058 1194 administrantur

181 1238 291 1295 nisi
335 1255 464 1294 cum
495 1254 735 1310 regnum
765 1241 818 1292 et
841 1234 1206 1291 sacerdotium
1247 1233 1305 1289 in
1342 1251 1522 1289 unum
1554 1232 1917 1288 convenerint
1945 1239 2058 1288 stu-

174 1332 349 1401 dium,
382 1331 766 1388 celsitudinem
789 1339 1026 1389 vestram
1051 1330 1388 1387 obsecrando
1425 1345 1740 1393 monemUS‚
1782 1332 2057 1399 quatenus

174 1431 401 1487 verbum
438 1430 533 1486 Dei
569 1430 627 1485 in
663 1449 831 1504 regno
855 1430 1010 1486 vobis
1040 1429 1336 1485 commisso
1368 1444 1593 1484 currere
1625 1425 1974 1500 permittatis,
2006 1432 2060 1480 et

184 1546 419 1601 regnum
457 1533 742 1584 terrenum
770 1528 978 1584 coelesti
1021 1544 1212 1599 regn0‚
1244 1525 1391 1599 quod
1418 1523 1674 1580 Ecclesiae
1698 1521 2058 1578 commissum

173 1628 276 1690 est,
307 1623 592 1680 subditum
611 1641 733 1680 esse
750 1623 948 1680 dehere
973 1639 1191 1697 semper
1214 1620 1486 1694 cogitetis,
1509 1620 1660 1675 Sicut
1677 1619 1827 1674 enim
1859 1636 2059 1674 sensus

171 1720 423 1775 animalis
447 1720 703 1777 subditus
725 1721 888 1776 debet
918 1738 1039 1777 esse
1067 1719 1289 1786 rationi,
1316 1719 1389 1774 ita
1415 1723 1657 1792 potestas
1682 1723 1903 1773 terrena
1927 1716 2057 1772 suh-

176 1816 287 1872 dita
315 1836 435 1875 esse
463 1819 622 1875 debet
643 1819 1013 1875 ecclesiastico
1048 1818 1331 1891 regimini.
1366 1818 1429 1872 Et
1457 1822 1727 1890 quantum
1762 1816 1906 1871 valet
1937 1833 2059 1871 cor—

177 1933 282 1988 pus
313 1915 423 1971 nisi
448 1922 668 1988 regatur
697 1917 765 1971 ab
791 1916 990 1982 anima,
1029 1922 1243 1972 tantum
1274 1917 1419 1972 valet
1450 1923 1667 1972 terrena
1694 1919 1935 1987 potestas
1953 1913 2061 1969 nisi

183 2012 512 2068 informetur
549 2018 603 2068 et
640 2019 861 2084 regatur
906 2011 1266 2068 ecclesiastica
1306 2011 1619 2084 disciplina.
1653 2033 1681 2064 »
1716 2011 1903 2083 (Epist.
1938 2009 2057 2077 CVI,

171 2115 207 2162 t.
236 2108 303 2174 ΙΙ,
331 2108 426 2163 fol.
453 2109 546 2178 50,
575 2109 677 2164 col.
710 2109 763 2175 1,
795 2109 929 2165 edit.
957 2109 1128 2165 Paris.
1164 2109 1355 2181 1647.)

245 2205 324 2261 Ibi
338 2224 588 2282 expresse
606 2208 761 2262 docet
775 2213 996 2263 sanctus
1013 2208 1101 2262 Ivo
1115 2212 1403 2262 terrenum
1419 2223 1655 2278 regnum
1670 2205 2060 2262 ecclesiasticae

78 2315 84 2322 '
171 2305 423 2378 potestati
460 2306 718 2360 subditum
757 2324 865 2360 esse
907 2307 1104 2361 debere.
1145 2306 1256 2360 Nec
1281 2304 1575 2377 objiciatur
1618 2304 1955 2359 intellectam
1992 2305 2060 2360 ab

173 2401 289 2474 ipso
314 2402 490 2458 fuisse
517 2403 916 2476 subjectionem
940 2406 994 2458 in
1014 2403 1389 2475 spiritualibus,
1420 2401 1556 2457 Nam
1583 2400 1718 2455 dicit
1749 2401 2060 2473 subjectum

180 2517 302 2555 esse
336 2500 550 2567 dehere,
594 2523 621 2554 «
650 2502 793 2558 sicut
818 2519 1015 2557 sensus
1052 2501 1306 2556 animalis
1340 2499 1597 2556 subditus
1641 2499 1803 2555 dehet
1829 2517 1948 2555 esse
1976 2518 2061 2554 ra-

178 2595 331 2652 tioni.
355 2618 382 2650 »
418 2598 582 2654 Porro
608 2599 863 2671 adagium
891 2599 1061 2670 istud,
1088 2602 1268 2654 seusus
1299 2618 1331 2654 a
1361 2600 1564 2654 ratione
1590 2598 1903 2668 reyulandos
1929 2617 2057 2666 esse,

182 2693 249 2748 ab
267 2694 520 2751 omnibus
540 2696 869 2769 intelligitur
886 2697 954 2753 de
970 2697 1307 2770 regulatione
1326 2714 1595 2752 sensuum
1617 2698 1795 2767 quoad
1813 2699 2060 2768 proprios

170 2808 361 2847 eorum
406 2798 581 2862 actus,
623 2794 680 2850 id
721 2800 822 2860 est,
860 2796 1042 2869 quoad
1087 2797 1351 2851 sensuales
1392 2796 1641 2869 ipsorum
1689 2792 2057 2868 operationeS.

176 2888 366 2960 Igitur,
410 2908 538 2946 cum
574 2891 766 2969 eodem
806 2894 967 2949 modo
1007 2899 1295 2949 terrenum
1332 2911 1564 2967 regnum
1610 2893 1900 2949 subditum
1940 2912 2061 2950 esse

177 2986 388 3054 debeat,
421 2987 611 3061 utique
645 2989 872 3045 subesse
899 2991 1060 3047 debet
1096 2991 1273 3064 quoad
1312 2991 1567 3065 proprios
1606 3009 1736 3046 suos
1777 2996 1956 3057 actus,
2005 2991 2060 3045 id

174 3089 275 3152 est,
306 3085 487 3156 quoad
519 3086 864 3159 temporalia.
896 3088 1004 3143 Nec
1030 3089 1150 3143 ideo
1180 3093 1336 3145 actus
1369 3107 1478 3162 quo
1501 3088 1740 3145 Ecclesia
1772 3094 2058 3145 terrenum

173 3195 404 3251 regnum
423 3181 611 3255 dirigit
631 3191 716 3239 est
743 3190 899 3240 actus
923 3190 1154 3241 terrenae
1178 3188 1485 3259 potcstatiS,
1514 3187 1609 3242 sed
1630 3191 1881 3242 remanet
1906 3192 2059 3242 actus

178 3279 463 3347 potestatis
505 3283 789 3352 spiritualis
834 3288 887 3338 et
933 3286 1315 3350 ecclesiasticae;
1370 3285 1512 3341 sicut
1561 3291 1718 3341 actus
1771 3303 1881 3358 quo
1919 3285 2056 3340 ratio

173 3387 365 3432 sensus
401 3378 562 3450 regit,
600 3398 712 3436 non
754 3386 836 3437 est
866 3389 1018 3439 actus
1055 3385 1331 3450 sensualae's‘,
1362 3384 1459 3440 sed
1492 3389 1742 3440 remanet
1774 3389 1932 3439 actus
1969 3399 2055 3435 ra-

177 3468 349 3527 tioni-s·-
1491 3532 1494 3535 ,

252 3563 437 3621 Tssxrus
471 3569 535 3625 ll.
553 3572 786 3630 —Inter
814 3574 994 3631 lvonis
1027 3576 1230 3650 scripta
1257 3576 1599 3650 praecipuum
1630 3580 1711 3631 est
1738 3590 1846 3645 quo
1868 3570 2054 3640 legum

178 3660 666 3724 ecclesiasticarum
691 3670 933 3729 codicem
966 3674 1335 3743 concinnavit,
1364 3673 1623 3747 quodque
1643 3671 1912 3726 Decretum
1938 3664 2053 3720 Ivo-
