2352 4126
274 338 333 383 24
944 335 1238 385 TRACTATUS
1270 334 1337 380 DE
1370 334 1518 383 PAPA.

275 443 495 520 scilicet
524 446 714 520 (quam
739 446 796 502 in
834 444 1002 503 certis
1030 442 1354 515 regionibus
1393 443 1480 500 vel
1524 443 1869 518 temporibus
1896 447 2194 522 supplebat

271 545 367 618 jus
390 545 722 618 nativitatis)
751 551 804 603 et
827 544 1294 601 consecrationem.
1315 541 1488 600 Adeat
1507 542 1679 600 lector
1697 562 1826 620 cap.
1853 565 1903 601 ix
1925 552 1980 604 et
2003 568 2036 603 x
2064 548 2195 604 libri

271 645 506 701 secundi
539 647 602 701 de
633 645 876 717 Antiquis
914 642 1161 698 Ecclesiae
1195 643 1403 709 ritib-uc,
1450 648 1679 700 auctore
1712 642 1976 701 Martene.
2010 646 2192 704 Unum

269 742 560 799 dumtaxat
589 743 776 797 locum
815 739 1120 797 citabimus
1157 760 1186 797 e
1221 741 1608 816 manuscripto
1632 742 1973 805 Arelatensis
2009 743 2195 802 Eccle-

270 839 365 896 siae
394 839 722 909 Pontificali‚
750 840 902 912 quod
927 838 1075 896 idem
1101 839 1343 896 Martene
1369 845 1501 897 ante
1543 859 1720 897 annos
1757 841 1866 898 400
1907 847 2192 898 exaratum

268 937 510 994 asseruit
535 957 546 990 t
584 959 611 990 α
642 937 776 994 Cum
804 956 902 994 rex
933 938 1306 1011 benedicitur,
1336 939 1581 1014 episcopi
1611 939 1710 1014 qui
1752 941 1959 996 adsunt
1996 940 2196 998 debent

269 1054 333 1091 ex
365 1035 566 1110 seipsis
606 1036 792 1093 facere
819 1055 1107 1106 coronam,
1149 1038 1418 1095 habentes
1444 1057 1575 1095 eum
1619 1039 1678 1095 in
1713 1040 1898 1097 medio
1936 1060 2191 1115 suorum,

269 1134 659 1210 accipiantque
700 1155 831 1193 eum
875 1138 986 1193 duo
1026 1155 1092 1194 ex
1129 1137 1406 1211 episcopis
1445 1138 1683 1212 priore&
1723 1139 2022 1195 offerentes
2058 1158 2194 1196 eum

274 1235 703 1310 metropolitano
734 1237 822 1294 his
854 1237 1039 1294 verbis
1075 1237 1325 1294 dicentes
1360 1260 1371 1292 :
1416 1237 1716 1294 Reverende
1740 1239 1922 1308 Pater,
1958 1240 2195 1313 postulat

270 1340 439 1389 mater
486 1334 719 1391 Ecclesia
771 1346 828 1391 ut
867 1344 1186 1409 praesentem
1230 1336 1448 1391 militem
1500 1337 1569 1403 ad
1616 1338 1924 1409 cliffltitatem
1968 1339 2196 1410 reyalem

269 1433 564 1489 sublevetis.
591 1434 744 1490 Tunc
776 1434 924 1490 dicat
951 1433 1417 1508 metropolitanus
1442 1457 1452 1488 :
1487 1434 1642 1490 Scit-is
1668 1436 1814 1490 illum
1841 1454 1952 1491 esse
1985 1437 2195 1508 (liquam

270 1540 321 1587 et
356 1533 536 1588 utilem
575 1535 644 1588 acl
676 1535 768 1589 hoc
797 1535 1176 1589 ministerimn?
1207 1533 1359 1589 Tunc
1384 1535 1758 1608 respondeant
1793 1534 1877 1590 illi
1909 1558 1919 1589 :
1955 1535 2024 1591 Et
2050 1538 2195 1591 novi-

269 1650 384 1687 mus
424 1639 474 1687 et
529 1634 788 1689 credimus
839 1653 953 1689 enm
993 1651 1104 1688 esse
1147 1634 1359 1706 (liginum
1401 1641 1450 1688 et
1495 1633 1754 1689 illustrem
1792 1634 2034 1689 Ecclesiae
2075 1635 2189 1692 Dei.

268 1731 422 1787 Tunc
447 1734 827 1806 respondeant
863 1751 1095 1788 omnes:
1134 1732 1243 1788 Deo
1280 1735 1501 1804 qratia&
1542 1732 1812 1789 Inclinato
1852 1750 1936 1801 e0,
1966 1732 2196 1806 incipiat

270 1831 728 1907 archiepiscopus
774 1831 1253 1889 consecrationem
1297 1831 1512 1888 excelsa
1551 1850 1684 1888 voce
1711 1832 1770 1886 in
1811 1831 2045 1886 modum
2079 1849 2197 1886 ora-

268 1929 460 1985 tionis.
492 1954 519 1981 »
564 1931 742 2004 (Edm.
793 1933 1074 2000 Martenc,
1110 1931 1189 1986 De
1223 1932 1451 2002 antiquis
1503 1929 1745 1985 Ecclesiae
1785 1930 1990 1999 ritibtcs‘,
2041 1928 2077 1984 l.
2128 1929 2192 2002 Il,

269 2046 318 2082 c.
348 2048 400 2094 X,
432 2030 568 2085 ordo
597 2030 650 2096 8,
678 2030 812 2087 edit.
841 2030 1104 2101 Venetiis,
1138 2030 1306 2096 1785,
1332 2036 1373 2085 t.
1406 2029 1471 2099 ΙΙ,
1502 2048 1557 2103 p.
1592 2030 1747 2103 228.)

345 2127 421 2182 Ex
459 2129 736 2202 ejusmodi
763 2130 980 2187 collatis
1020 2130 1260 2186 invicem
1311 2129 1719 2204 monumentis2
1757 2127 1904 2202 apud
1943 2128 2193 2185 eruditos

273 2227 382 2299 jam
405 2229 688 2303 explorata
709 2248 800 2286 res
825 2238 932 2298 est,
948 2230 1193 2302 Hugonis
1211 2247 1240 2283 a
1261 2229 1456 2284 Sancto
1480 2228 1691 2284 Victore
1717 2232 1991 2300 tempore,
2024 2236 2076 2283 et
2098 2246 2193 2282 an-

270 2327 570 2382 terioribus
588 2329 830 2394 saeculis,
855 2329 998 2383 hanc
1021 2327 1359 2401 generaliter
1383 2326 1630 2400 viguisse
1649 2326 2052 2382 catholicorum
2077 2345 2195 2401 per-

273 2423 592 2478 suasionem
628 2446 638 2477 :
679 2423 922 2497 Principi
963 2422 1185 2497 quidem
1229 2440 1296 2477 ex
1338 2412 1591 2478 electione
1624 2423 1711 2478 vel
1736 2424 1858 2495 jure
1897 2425 2193 2478 nativitatis

275 2523 398 2596 (pro
425 2522 898 2594 varioregionum
929 2527 1025 2577 aut
1051 2529 1370 2595 temporum
1394 2521 1679 2594 instituto)
1692 2523 1784 2596 jus
1808 2521 2088 2596 quoddam
2108 2540 2194 2578 ac-

270 2618 419 2692 quiri
461 2611 530 2674 a'd
569 2618 934 2674 obtinendam
973 2624 1303 2693 potestatem
1336 2620 1577 2693 regiam3
1626 2619 1702 2675 ita
1738 2638 1940 2694 nempe
1968 2628 2032 2676 ut.
2069 2639 2191 2677 eam

267 2735 382 2772 non
422 2717 833 2791 adipisceretur
858 2725 951 2774 aut
987 2717 1237 2791 legitime
1274 2737 1534 2776 exercere
1565 2719 1795 2790 valeret,
1833 2720 1941 2776 nisi
1969 2727 2191 2796 accepta

266 2818 680 2872 consecratione.
707 2815 767 2870 Ei
792 2817 1048 2891 proinde,
1076 2823 1203 2872 ante
1223 2817 1395 2873 ritum
1424 2836 1669 2891 sacrum,
1685 2821 1780 2893 jus
1803 2821 1858 2875 in
1879 2838 2009 2886 rem,
2041 2821 2195 2876 attri-

267 2917 472 2972 butum
510 2916 705 2988 fuisse,
744 2935 856 2974 non
874 2917 968 2991 jus
994 2920 1049 2972 in
1077 2936 1165 2981 re‚·
1197 2917 1346 2992 quod
1371 2919 1651 2992 posterius
1678 2920 1736 2975 in
1775 2920 1965 2994 ipsum
1992 2920 2061 2975 ab
2094 2922 2192 2977 Ec-

266 3017 438 3073 clesia
473 3015 760 3072 dimanare
803 3016 1253 3072 existimabatur.
1295 3016 1447 3073 Hanc
1489 3017 1834 3092 ipsissimam
1870 3020 2190 3091 generalem

268 3118 695 3192 persuasionem
713 3118 987 3193 expressit
1008 3118 1163 3190 Ilugo
1189 3117 1373 3174 verbis
1393 3118 1785 3192 apertissimis,
1811 3118 1941 3182 Quae
1966 3117 2011 3174 si
2036 3118 2187 3190 quis,

269 3215 393 3291 ipso
432 3216 668 3283 vivente,
714 3217 782 3272 ad
826 3216 1246 3273 Bossuetianam
1289 3215 1815 3291 interpretationem
1860 3216 2191 3290 detorquere

270 3320 556 3387 tentasset,
602 3315 805 3372 irrisus
831 3316 1029 3392 procul
1067 3315 1234 3371 dubio
1265 3315 1465 3372 fuisset
1491 3315 1561 3370 ab
1596 3314 1718 3388 ipso
1750 3313 1997 3388 Hugone,
2033 3321 2190 3371 caete-

272 3414 462 3487 risque
487 3415 991 3489 contemporaneis,
1027 3423 1082 3470 et
1110 3432 1140 3469 a
1163 3413 1331 3470 Gallis
1358 3413 1446 3470 vel
1470 3413 1733 3470 maxime.
1763 3413 1987 3469 Falsum
2018 3413 2193 3486 igitur

273 3509 485 3567 factum
529 3514 819 3570 eontrariae
850 3513 1255 3588 persuasionis,
1286 3512 1524 3569 fidenter
1564 3530 1594 3567 a
1620 3511 1905 3570 B'ossuetio
1937 3513 2012 3587 (et
2036 3518 2192 3568 caete-

273 3609 479 3683 roquin
501 3611 731 3668 omnino
758 3612 952 3686 gratis,
974 3612 1252 3686 siquidem
1278 3630 1351 3669 ne
1379 3611 1467 3668 vel
1485 3611 1780 3668 minimam
1798 3611 2184 3686 probationem

275 3708 738 3786 subministravit)
767 3718 1064 3770 assertum.
