2340 3990
887 289 1015 336 PARS
1046 287 1257 335 OCTAVA.
1922 282 2006 327 ⁴01

137 399 567 460 Alexandrinum
602 397 962 454 PatriarchaS.
993 395 1149 452 Nulla
1180 397 1360 449 autem
1399 389 1508 446 alia
1539 388 1677 446 ratio
1714 386 2010 460 excogitari

136 503 310 574 potest
341 499 408 555 de
442 496 533 552 illa
567 494 622 550 in
657 491 1055 551 subscribendo
1078 487 1460 565 praecedentia,
1500 486 1607 543 nisi
1639 485 1788 560 quod
1817 502 2014 558 reprae-

139 598 416 652 sentarent
460 592 695 666 primam
740 591 957 660 sedem,
1011 607 1133 662 quae
1174 586 1299 644 aliis
1341 585 1599 643 omnibus
1651 582 1913 657 dignitate
1959 586 2015 637 et

139 690 457 748 auctoritate
494 687 859 761 praecellebat.
887 719 954 727 —
975 686 1196 742 Constat
1221 685 1275 740 2⁰
1309 703 1373 741 ex
1407 684 1647 750 Socrate,
1679 681 1796 755 qui,
1825 679 1967 735 libro
1993 678 2014 732 Ι

86 839 101 846 .,
138 786 405 855 Historiae,
447 785 618 858 capite
647 804 716 854 1x,
750 785 936 839 Patres
963 783 1209 838 Nicaenos
1246 798 1560 849 recensem,
1592 779 1837 854 primum
1872 775 2017 850 pari-

139 870 224 941 ter
261 886 443 941 locum
490 883 633 949 osio,
672 882 791 938 Vito
836 887 888 938 et
922 880 1200 938 Vincentio
1239 879 1455 936 tribuit.
1496 912 1569 919 —
1598 877 1818 934 Constat
1860 875 1916 930 5⁰
1956 893 2016 931 ex

146 979 383 1055 epitome
408 996 682 1034 canonum
707 995 871 1051 quarn
895 976 1200 1032 Hadrianus
1221 976 1360 1049 Papa
1387 974 1600 1048 primus
1621 972 1808 1028 Carolo
1833 971 2022 1044 Magno

150 1076 370 1131 obtulit.
393 1076 523 1129 Nam
554 1074 609 1129 in
636 1072 950 1146 praefatione
973 1088 1245 1126 canonum
1265 1068 1697 1136 Sardicensium‚
1719 1083 1839 1139 quae
1859 1064 2021 1136 vulgo

145 1172 389 1228 creditur
421 1189 451 1226 a
481 1169 727 1244 Dionysio
763 1168 967 1239 Exiguo
994 1165 1273 1228 adornata,
1316 1164 1393 1218 sic
1432 1164 1666 1219 habetur
1695 1181 1707 1213 ε
1749 1163 2023 1218 Sciendum

151 1276 225 1324 est
260 1270 388 1323 hunc
431 1267 605 1323 Osium
642 1267 775 1320 inter
822 1264 926 1318 518
963 1263 1147 1318 Patres
1188 1260 1386 1315 concilii
1429 1259 1630 1315 Nicaeni
1673 1259 2022 1314 honorabilem

145 1367 321 1438 fnisse,
366 1371 517 1433 atque
549 1363 610 1416 ab
643 1360 941 1431 Apostolica-
978 1357 1110 1412 Sede
1147 1373 1259 1409 cnm
1287 1354 1397 1410 Vito
1433 1361 1482 1408 et
1513 1353 1774 1408 Vincentio
1807 1354 2023 1426 presby-

150 1464 271 1516 teris
298 1461 625 1514 destinatum.
647 1490 721 1497 —
743 1456 962 1511 Constat
994 1455 1047 1508 4⁰
1081 1471 1143 1507 ex
1174 1457 1360 1508 saneto
1383 1450 1701 1506 Athanasio.
1732 1451 1817 1506 Sic
1843 1451 2022 1522 loqui-

149 1567 239 1613 tur
279 1558 344 1612 de
381 1556 501 1611 Osio
531 1556 587 1609 in
617 1554 861 1628 apologia
890 1554 954 1608 de
986 1554 1110 1624 suga
1153 1568 1282 1606 sua:
1324 1550 1384 1605 In
1429 1567 1530 1621 qna
1560 1549 1758 1620 synodo
1802 1549 1889 1604 ille
1919 1567 2023 1604 non

149 1655 253 1709 clnae
295 1664 341 1709 et
375 1656 740 1724 antesiynanus
777 1653 905 1722 snit?
949 1651 1073 1718 Qnae
1114 1650 1336 1704 Ecclesia
1368 1648 1506 1702 illius
1537 1647 1883 1719 praesidentiae
1919 1665 2024 1702 ‘non

141 1751 489 1822 pulcherrima
527 1756 854 1803 monumenta
891 1747 1108 1802 retinet?
1142 1745 1203 1798 Et
1230 1743 1295 1800 ,in
1338 1742 1565 1815 epistola
1603 1760 1698 1797 sua
1738 1742 1803 1796 ad
1840 1743 2023 1798 solita-

148 1844 288 1898 rios:
318 1844 407 1898 Hic
429 1851 504 1898 cst
525 1845 767 1914 princeps
788 1842 1121 1914 synodorum,
1148 1845 1250 1894 etc.
1281 1838 1451 1911 Igitur
1477 1839 1695 1911 praefuit
1720 1838 1878 1893 Osius
1900 1856 2025 1893 con-

146 1940 269 1995 eilio
301 1940 534 1995 Nicaeno.
575 1938 872 1993 Praesidere
910 1943 1092 1993 autem
1125 1936 1200 1991 ibi
1243 1954 1352 1990 non
1395 1935 1571 2009 potuit
1610 1935 1715 1989 nisi
1753 1940 2028 2006 quatenus

148 2035 370 2106 Legatus
396 2036 622 2090 Romani
649 2035 936 2091 pontificis.
970 2067 1043 2074 —
1077 2035 1293 2088 Constat
1332 2034 1385 2088 5⁰
1411 2051 1475 2088 ex
1508 2032 1718 2087 Gelasio
1747 2031 2024 2108 CyzicenO,

147 2134 239 2206 qui
269 2133 347 2188 sio
375 2134 563 2199 refert,
599 2134 652 2188 in
688 2151 788 2189 sua
820 2135 1048 2189 Historia
1078 2132 1277 2187 concilii
1303 2131 1525 2198 Nicaeni,
1556 2131 1653 2185 lib.
1685 2131 1747 2196 ΙΙ,
1779 2149 1899 2204 cap.
1934 2151 1983 2185 111
2011 2151 2020 2182 :

151 2230 443 2285 «Aderant
484 2236 667 2285 autem
712 2249 775 2298 ex
809 2230 1069 2304 pluribus
1115 2228 1414 2303 provinciis
1460 2235 1513 2284 et
1551 2228 1861 2283 civitatibus
1905 2228 2027 2301 Epi-

148 2326 315 2398 scopi,
351 2326 416 2381 de
445 2326 645 2397 quibus
676 2325 941 2380 Eusebius
967 2323 1258 2397 Pamphili,
1292 2322 1436 2376 libro
1468 2322 1631 2376 tertio
1659 2323 1725 2378 de
1750 2324 1854 2378 vita
1895 2323 2027 2378 Con-

147 2423 392 2493 stantini,
424 2425 538 2478 haec
561 2406 677 2496 ips-a
708 2422 868 2477 verba
901 2423 1063 2477 refert
1090 2441 1099 2472 :
1132 2422 1211 2476 Ex
1245 2422 1477 2475 omnibns
1508 2420 1754 2489 ecclesiis,
1793 2438 1907 2492 qnae
1926 2423 2030 2492 sre-

148 2529 356 2592 qnentes
387 2524 435 2575 in
471 2527 579 2576 tota
598 2520 836 2591 Europa,
859 2518 1041 2591 Africa
1063 2526 1112 2572 et
1133 2518 1257 2573 Asia
1282 2520 1584 2587 eaetiternnt,
1613 2518 1708 2572 Dei
1734 2518 2027 2572 sacerdotes·

147 2619 231 2688 qni
255 2618 407 2689 focile
431 2618 631 2688 primas
663 2616 804 2685 serre
823 2616 1160 2687 putabantur,
1200 2618 1253 2669 in
1279 2632 1437 2668 unum
1464 2621 1878 2669 convocantur...
1910 2614 2029 2686 Ipse

150 2715 301 2766 etiam
336 2712 483 2768 Osius
517 2730 578 2766 ex
601 2711 886 2784 HispaniiS,
923 2713 1146 2766 nominis
1182 2719 1230 2766 et
1262 2714 1418 2782 famae
1455 2711 1749 2767 celebritate
1790 2713 2023 2780 insignite,

150 2811 233 2880 qni
294 2809 542 2879 Sylwstri
595 2809 831 2879 Episcopi
879 2811 1121 2862 tnaoeimae
1164 2809 1350 2886 Romae·
1378 2807 1542 2861 Iocum
1587 2808 1867 2874 obtinebat,
1922 2826 2026 2861 una

149 2926 259 2962 cnm
294 2908 539 2962 Romanis
568 2908 879 2980 presbyteris
916 2907 1096 2963 Vitone
1136 2914 1183 2959 et
1221 2905 1503 2973 VincentiO,
1553 2924 1664 2960 cnm
1702 2906 1820 2960 aliis
1851 2907 2027 2962 multis·

149 3006 201 3059 in
238 3023 474 3059 concessu
516 3004 608 3059 illo
636 3005 871 3077 adsuit...
904 3003 989 3059 Sie
1016 3003 1080 3058 de
1116 3002 1184 3057 iis
1211 3003 1307 3075 qui
1341 3005 1397 3058 in
1439 3022 1502 3058 eo
1530 3009 1892 3059 convenerant
1922 3005 2026 3059 Eu-

150 3102 332 3157 sebius
369 3102 635 3175 Pamphili
680 3101 956 3156 disseruit.
989 3123 1014 3152 »
1052 3101 1208 3155 Notet
1239 3103 1407 3156 lector
1443 3100 1499 3154 in
1537 3102 1639 3156 hoe
1664 3100 1857 3156 Gelasii
1882 3101 2026 3175 Cyzi-

152 3200 267 3254 ceni
282 3199 592 3254 testimonio
616 3199 806 3254 haberi
836 3199 998 3253 etiam
1019 3197 1398 3253 testimonium
1414 3197 1631 3252 Eusebii
1650 3198 2020 3265 Caesal‘iensiS,

152 3295 244 3366 qui
269 3295 482 3350 Nieaeno
508 3295 738 3349 coneilio
779 3295 1051 3368 interfuit,
1086 3300 1137 3350 et
1177 3294 1340 3367 eujus
1379 3294 1537 3349 rerba
1568 3294 1813 3348 Gelasius
1849 3303 2025 3348 trans-

153 3391 331 3446 cribit.
365 3391 626 3464 Equidem
665 3391 710 3445 si
745 3391 905 3448 adeas
937 3391 1184 3464 vulgatas
1213 3390 1432 3446 Eusebii
1472 3389 1758 3459 editiones,
1797 3407 1906 3444 non
1938 3407 2024 3445 re-

153 3490 325 3561 peries
370 3490 642 3561 integrum
687 3489 846 3544 illum
889 3495 1120 3557 textum,
1162 3506 1324 3562 quem
1361 3488 1607 3544 Gelasius
1647 3487 1774 3543 dicit
1804 3506 1833 3542 a
1862 3506 1919 3542 se
1960 3507 2023 3543 ex

153 3582 380 3642 Eusebio
434 3585 850 3659 transcriptum.
895 3586 1047 3641 Deest
1089 3603 1284 3658 nempe
1339 3586 1547 3657 integra
1594 3585 1874 3659 periodus.
1919 3585 2019 3642 Sed

387 3704 445 3733 ιιι.
1697 3691 1753 3734 26
