2352 4126
39 118 82 278 «κήκ»
62 100 65 103 ,
64 79 66 82 ,
55 31 61 37 ,

991 285 1120 333 PARS
1149 283 1370 336 QUARTA.
2071 281 2131 326 15

235 403 393 467 tateS,
423 397 518 453 sed
544 394 696 451 aliud
716 409 942 468 prorsus
966 390 1274 448 diversum.
1300 387 1501 444 Demus
1528 386 1604 442 ita
1630 402 1784 442 esse:
1815 385 2010 443 inferri
2041 402 2128 442 so-

240 494 524 552 lummodo
546 495 730 567 posset
754 504 1048 565 perperam
1073 505 1103 542 a
1131 492 1320 543 sancto
1352 483 1627 542 Bernardo
1651 482 1931 540 intellecta
1954 483 2129 540 fuisse

237 594 403 651 verba
427 589 757 663 evangelica.
783 587 850 642 At
866 602 975 641 non
998 591 1325 659 sequeretur
1350 585 1534 660 ipsum
1561 582 1815 640 Ecclesiae
1838 598 1948 638 non
1972 582 2129 638 attri-

242 692 433 748 buisse
470 695 762 760 utramque
802 687 1153 758 potestatem3
1205 684 1263 738 in
1288 701 1398 757 quo
1432 687 1517 739 est
1555 681 1834 756 ipsissima
1869 679 2123 754 quaestiO.

242 793 307 844 At
346 786 646 843 ridiculum
683 799 849 855 quam
883 781 1124 836 maxime
1159 781 1387 836 tertium
1425 797 1775 855 responsum.
1808 799 1836 832 «
1863 778 2016 843 Dato,
2043 778 2127 833 in·

244 885 384 958 quit,
412 882 557 956 quod
583 897 681 954 per
714 879 841 934 illos
867 877 1004 934 duos
1025 876 1261 950 gladioS,
1290 895 1429 951 quos
1455 877 1732 934 habebant
1764 876 2018 953 apostoli,
2043 875 2127 930 in-

242 983 557 1056 telligantur
582 980 705 1035 duae
738 982 1056 1052 potestateS,
1097 976 1309 1032 scilicet
1347 976 1655 1049 spiritualis
1681 982 1735 1033 et
1771 974 2118 1048 temporalis;

242 1097 361 1155 quae
393 1078 520 1134 licet
551 1077 811 1132 dicantur
848 1075 925 1130 ibi
959 1092 1104 1143 esse,
1148 1091 1261 1130 non
1292 1078 1479 1130 tamen
1511 1073 1775 1129 dicuntur
1809 1073 1985 1129 ambae
2008 1089 2126 1129 esse

242 1176 380 1234 Petri
409 1176 495 1232 vel
523 1174 756 1230 alterius
778 1172 1038 1247 Apostoli.
1071 1171 1207 1226 Nam
1238 1189 1414 1227 unum
1437 1188 1632 1226 eorum
1659 1187 1772 1224 non
1812 1170 1992 1243 tetigit
2025 1171 2123 1226 Pe-

236 1273 606 1343 trus,scilicet
635 1271 974 1335 saecularem,
995 1269 1090 1343 qui
1114 1287 1252 1325 suus
1281 1287 1390 1324 non
1409 1273 1544 1324 erat.
1563 1267 1750 1323 Alium
1767 1284 1895 1323 vero
1921 1267 2121 1340 tetigit,

237 1373 446 1430 scilicet
474 1371 842 1446 spiritualem,
875 1388 1040 1444 quem
1075 1369 1255 1425 solum
1290 1368 1553 1424 Dominus
1581 1367 1717 1423 dixit
1741 1383 1860 1422 esse
1886 1384 2122 1422 suum...

238 1470 383 1526 unde
421 1469 627 1524 dictum
661 1468 709 1522 ei
744 1486 882 1540 pone
915 1468 1146 1540 gladium
1182 1474 1324 1521 tuum
1359 1467 1413 1520 in
1446 1467 1687 1537 vaqinam
1709 1486 1735 1517 »
1773 1464 2030 1537 (Joannes
2059 1463 2125 1517 dc

238 1567 483 1635 Parisiis,
524 1567 594 1621 De
614 1572 876 1638 potestate
901 1567 1045 1636 regia
1063 1572 1111 1620 et
1131 1564 1342 1637 Papali,
1371 1582 1421 1619 c.
1449 1580 1760 1628 >mn—non
1787 1561 1964 1635 capite
1984 1581 2121 1625 xvm,

237 1671 399 1740 prout
418 1682 646 1721 erronee
674 1664 730 1718 in
748 1663 1086 1719 editionibus
1105 1662 1399 1731 Bossuetii)
1412 1707 1426 1718 .
1445 1662 1605 1717 Juxta
1623 1661 1774 1717 illam
1802 1659 2122 1715 mirabilem

242 1762 767 1836 interpretationem,
812 1762 1003 1817 Petrus
1035 1759 1581 1837 auriculam-Malchi
1619 1764 1961 1833 amputasset
1996 1775 2123 1813 cum

245 1859 423 1931 gladio
446 1859 726 1929 spirituali.
750 1858 829 1911 An
847 1863 909 1912 ut
931 1858 1060 1912 talia
1086 1838 1426 1913 disceremus
1458 1857 1774 1930 provocavit
1800 1855 2123 1911 Bossuetius

245 1953 311 2008 ad
345 1953 608 2007 Joannem
637 1951 703 2005 de
730 1950 986 2005 Parisiis?
1013 1951 1115 2005 Sed
1149 1951 1272 2006 dato
1303 1952 1466 2006 etiam
1494 1953 1575 2008 sic
1603 1952 1990 2024 intelligendos
2017 1972 2047 1997 <r
2070 1971 2125 2006 a-

246 2049 384 2116 dios,
424 2054 634 2102 certum
661 2052 972 2102 remaneret
1002 2047 1209 2102 factum
1240 2047 1307 2102 de
1325 2066 1430 2118 quo
1455 2049 1570 2103 solo
1600 2055 1851 2104 movetur
1872 2050 2122 2121 quaesti0‚

240 2146 492 2202 videlicet
518 2146 726 2200 dictum
754 2162 783 2198 a
809 2149 996 2199 sancto
1014 2144 1288 2199 Bernardo
1318 2145 1488 2200 fuisse
1511 2145 1575 2199 do
1606 2146 1785 2217 gladio
1811 2148 2122 2219 temporali,

243 2261 364 2297 auus
390 2249 502 2297 erat
527 2250 574 2296 et
601 2241 707 2294 ille.
730 2272 804 2280 —-
835 2240 1090 2302 SecundO,
1130 2257 1232 2294 nec
1262 2240 1478 2294 felicior
1513 2241 1784 2297 Bossuetii
1816 2243 2126 2315 provocatio

243 2340 311 2395 ad
335 2339 606 2411 AEgidium
627 2338 972 2393 Columnam.
994 2336 1127 2390 Nam
1153 2337 1389 2391 remittit
1409 2338 1635 2410 quidem
1655 2339 1722 2392 ad
1744 2339 1916 2394 istum
1946 2347 2130 2396 aucto-

247 2454 385 2505 rem,
415 2436 509 2492 sed
539 2435 760 2490 nullum
787 2434 994 2489 indicat
1024 2432 1357 2505 scriptorum
1385 2434 1504 2506 ejus
1528 2433 1735 2489 locum.
1764 2436 1817 2490 Si
1845 2442 2040 2507 agatur
2065 2438 2131 2491 de

247 2532 514 2604 opusculo
548 2531 637 2587 cui
678 2531 875 2586 titulus
906 2532 1120 2602 quaestio
1153 2530 1215 2584 de
1253 2537 1473 2602 utraque
1509 2539 1771 2603 potestate
1813 2532 1895 2605 (in
1934 2532 2131 2588 collec—

246 2630 395 2685 tione
421 2629 661 2685 Goldasti
695 2629 994 2684 Monarchia
1034 2630 1199 2682 sancti
1229 2630 1432 2700 imperii
1458 2628 1704 2697 Romani,
1732 2635 1775 2683 t.
1805 2629 1892 2700 Il),
1919 2630 2130 2684 nullam

247 2724 326 2779 ibi
367 2724 549 2780 inveni
599 2723 1032 2779 confutationem
1080 2728 1258 2777 textus
1289 2723 1463 2778 sancti
1502 2725 1765 2779 Bernardi
1808 2726 1874 2781 de
1911 2726 2129 2782 duobus

251 2822 468 2894 gladiis.
499 2821 764 2894 Equidem
795 2820 870 2876 ibi
891 2826 1190 2876 occurrunt
1216 2820 1377 2875 verba
1405 2821 1517 2875 haec
1550 2843 1560 2873 :
1589 2821 1706 2878 Non
1732 2825 1869 2878 enim
1888 2825 2132 2878 dieantur

253 2921 353 2974 duo
362 2919 528 2989 yladii
557 2921 717 2990 fuisse
746 2918 923 2984 Petro,
951 2919 1044 2973 sed
1076 2937 1212 2973 unus
1239 2927 1476 2981 mutuom
1509 2920 1606 2975 sed
1630 2921 1794 2976 verba
1834 2921 1935 2976 ista
1962 2922 2130 2977 crude

249 3016 631 3073 contradicunt
663 3022 849 3071 sancto
876 3015 1172 3080 Bernardo,
1205 3035 1315 3072 non
1336 3023 1520 3073 autem
1549 3036 1678 3073 eum
1705 3020 2009 3086 confutant,
2039 3027 2133 3075 aut

251 3114 316 3169 ad
345 3131 569 3170 sensum
592 3113 863 3168 Bossuetii
894 3113 1355 3185 interpretantur.
1382 3114 1643 3170 Praeterea
1667 3115 1784 3188 ipse
1808 3116 1974 3172 etiam
1988 3115 2129 3188 AEgi-

252 3210 376 3266 dius
408 3211 666 3266 Columna
693 3228 1044 3283 nequaquam
1079 3211 1370 3266 concordat
1405 3229 1534 3266 cum
1568 3211 1928 3269 Bossuetiano
1962 3219 2132 3287 systo-

253 3313 417 3363 mate.
447 3307 581 3362 Nam
606 3308 674 3363 ab
714 3307 834 3380 ipso
857 3307 1107 3362 Ecclesiae
1142 3306 1411 3362 tribuitur
1432 3313 1672 3380 potestas
1699 3309 1755 3364 in
1785 3307 2126 3381 temporalia,

257 3418 319 3456 eo
344 3419 509 3457 sensu
542 3403 687 3475 quod
717 3407 954 3476 potestas
992 3402 1311 3474 temporalis
1338 3402 1411 3457 sit
1437 3404 1528 3458 sub
1570 3404 1868 3476 spirituali,
1903 3408 1955 3457 et
1988 3401 2128 3472 quod

257 3494 366 3551 Rex
411 3499 577 3570 possit
621 3480 846 3554 summo·
883 3498 1131 3554 Pontifici
1170 3500 1433 3571 subjacere
1468 3504 1672 3556 ratione
1707 3502 1924 3571 alicujus
1965 3514 2137 3551 causae

259 3592 567 3663 spiritualis,
591 3600 754 3667 prout
786 3600 996 3651 constat
1023 3594 1238 3651 duobus
1271 3597 1635 3669 sequentibus
1663 3597 1795 3653 locis
1826 3617 1836 3648 z
1869 3593 1972 3649 Sed
2003 3593 2135 3647 dicet
