2340 3990
2312 324 2340 339 ι.
2291 0 2340 299 ἐ-ἠικῑῡκῶφῇ

356 293 447 341 420
583 319 593 328 ·
1035 292 1333 340 Telemus
1364 294 1430 340 nn
1460 270 1608 345 pipi

356 399 839 457 consumationem
877 397 1158 456 Pontificis
1189 401 1346 475 quasi
1389 402 1783 478 anticipatam;
1817 422 1949 482 ergo
1976 425 2087 466 non
2120 412 2282 472 hahet
2320 367 2340 396 q

355 500 631 556 minorem
681 498 1071 555 auctoritatem
1115 517 1285 573 quam
1330 501 1638 560 concilium
1684 506 1944 577 generale
1991 509 2308 570 confirma-

349 604 523 654 tum»
561 596 808 669 (Suarez‚
838 598 903 654 de
934 597 1085 667 Fide,
1115 598 1262 674 disp.
1291 599 1354 670 V,
1387 606 1525 659 sect
1563 622 1649 672 vu,
1679 621 1737 659 n.
1770 604 1891 677 10).

422 697 708 753 Pssoposmo
738 698 843 754 1v³.
872 732 946 740 —
970 699 1198 756 Absente
1222 700 1399 774 Papa,
1435 709 1484 757 et
1519 703 1631 776 ejus
1658 702 1868 776 Leqatis
1900 635 2340 790 particularem}

343 799 742 854 instructionem
785 815 893 854 non
935 798 1270 864 habentibus,
1319 800 1553 873 definitio
1591 803 1828 871 concilii,
1879 809 2118 879 quamvis
2160 827 2279 866 eon·

337 899 680 954 sentientibus
710 897 921 970 Leyatis
958 900 1127 971 facta,
1155 918 1261 955 non
1290 908 1368 956 est
1403 901 1587 973 requla
1612 902 1739 974 fidei
1778 911 1903 960 ante
1945 907 2210 964 obtentam
2245 928 2303 974 a⁴

337 996 489 1069 Papa
516 999 990 1070 confirmationem.
1010 1031 1086 1038 —
1105 987 1375 1073 Equidem
1404 1001 1710 1076 propositio
1739 1003 1857 1059 haec
1882 1006 2275 1065 controversiae
2320 1067 2325 1069 ,

336 1096 485 1171 apud
519 1095 775 1152 doctores
811 1097 1118 1153 catholicos
1146 1097 1388 1154 obnoxia
1419 1098 1549 1155 fuit.
1578 1100 1645 1155 At
1663 1118 1777 1157 non
1810 1103 1999 1176 magni
2027 1104 2274 1162 facienda

335 1202 416 1251 est
445 1196 955 1252 contradicentium
999 1197 1324 1254 auctoritas
1378 1198 1518 1252 Sunt
1554 1200 1707 1254 enim
1755 1202 1931 1258 ferme
1969 1202 2141 1259 iidem
2177 1206 2273 1278 qui
2315 1214 2318 1218 ’

330 1295 626 1352 erreneam
652 1295 1079 1368 opinionemde
1108 1296 1330 1352 concilii
1352 1315 1525 1370 supra
1555 1299 1758 1374 Papam
1781 1301 2118 1359 auctoritate
2147 1322 2273 1379 pro·
2300 1338 2314 1346 ·

329 1398 673 1467 pugnarunt3
708 1393 943 1468 quique,
968 1410 1038 1447 nc
1064 1391 1170 1448 sibi
1206 1393 1679 1470 contradicerent,
1711 1397 2030 1457 debuerunt
2055 1402 2113 1457 in
2137 1397 2300 1461 casu.

326 1492 505 1567 posito
547 1492 909 1548 infallibilem
953 1497 1003 1548 et
1044 1492 1436 1566 obligatoriam
1483 1513 1838 1570 propugnare
1881 1497 2266 1557 definitionem
2332 1478 2340 1485 ⁵

327 1592 575 1661 concilii,
622 1591 724 1647 etsi
766 1592 1023 1647 nondum
1064 1611 1094 1648 a
1130 1593 1270 1667 Papa
1317 1593 1731 1650 confirmatam.
1777 1596 1894 1661 Quo
1937 1603 2263 1671 praenotato,

324 1695 598 1770 probatur
622 1692 796 1749 thesis
821 1692 1079 1766 sequenti
1111 1691 1540 1751 conclusionum
1573 1693 1729 1750 serie
1763 1718 1772 1749 :

401 1796 454 1850 1Ο
496 1794 812 1865 Continyere
841 1795 1020 1866 nequit
1056 1801 1114 1848 ut
1156 1811 1335 1848 omnes
1369 1794 1451 1849 vel
1489 1795 1605 1866 fere
1642 1813 1819 1851 omnes
1857 1797 2120 1869 qeneralis
2161 1818 2248 1872 sy·

322 1894 446 1949 nodi
477 1901 683 1966 patres,
722 1893 917 1948 cadant
946 1894 999 1947 in
1034 1892 1259 1947 schisma
1291 1900 1383 1948 [tut
1410 1893 1673 1949 haeresim.
1696 1895 1925 1950 —ssNam
1950 1896 2141 1971 perire
2174 1915 2266 1954 ne·

322 1994 445 2068 quit
473 1992 716 2050 Ecclesia
742 1992 965 2066 qualem
991 1991 1247 2048 Christus
1274 1993 1590 2059 constituit,
1619 1999 1816 2068 utpote
1841 2002 2040 2052 contra
2068 2015 2262 2070 quam,

323 2111 388 2149 ex
425 2092 611 2148 divina
645 2090 1041 2166 promissione,
1084 2109 1196 2147 non
1225 2092 1608 2166 praevalebunt
1633 2092 1949 2150 inferorum
1987 2102 2178 2170 portae,
2211 2102 2263 2153 et

322 2193 411 2248 cui
441 2210 734 2265 nunquam
769 2191 945 2247 deerit
986 2191 1237 2264 ejusdem
1279 2190 1487 2246 Christi
1531 2191 1621 2247 Dei
1670 2193 2017 2263 assistentia,
2059 2200 2121 2250 ut
2158 2199 2263 2251 tes-

318 2296 511 2347 tantur
541 2291 719 2365 ipsius
747 2290 947 2345 verba:
985 2290 1119 2345 Ecce
1151 2307 1242 2361 eye
1279 2290 1542 2345 vobiscum
1580 2309 1889 2363 sumusque
1914 2292 1985 2346 ad
2019 2310 2257 2349 eonsum-
2305 2345 2309 2348 .

318 2393 605 2446 mationem
644 2390 847 2445 saeculi.
887 2388 1054 2461 Atqui
1097 2388 1307 2463 periret
1353 2388 1557 2445 Christi
1598 2389 1846 2458 Ecclesia
1892 2390 1940 2446 si
1984 2391 2261 2464 generalis

320 2489 518 2566 synodi
555 2490 744 2544 Patres
783 2504 977 2543 omnes
1016 2487 1104 2543 vel
1139 2486 1255 2543 fere
1296 2505 1494 2544 omnes
1526 2487 1698 2561 (idem
1747 2487 1838 2546 dic
1880 2489 1949 2546 de
1987 2489 2258 2564 generali·

317 2593 430 2643 tate
464 2587 866 2661 Episcoporum
902 2586 1343 2660 dispersorum),
1378 2587 1435 2641 in
1470 2586 1734 2644 haeresim
1764 2595 1859 2644 aut
1893 2589 2137 2645 schisma
2171 2606 2258 2646 ca·

320 2686 535 2743 derent.
578 2687 715 2741 Nam
758 2686 833 2742 ita
876 2685 1128 2741 Christus
1166 2685 1470 2741 Ecclesiam
1513 2704 1673 2740 suam
1714 2687 2007 2741 constituit
2037 2693 2100 2742 ut
2129 2705 2259 2744 con-

319 2791 492 2843 staret
508 2785 829 2861 pastoribus
848 2801 947 2840 seu
966 2783 1253 2857 Episcopis
1275 2783 1637 2856 pascentibus
1658 2802 1758 2840 scu
1786 2783 2253 2856 gubernantilmS,

318 2893 373 2943 et
399 2886 594 2943 ovibus
620 2903 719 2942 seu
745 2883 962 2946 caeteris
994 2882 1279 2952 fidelibus,
1303 2882 1399 2956 qui
1429 2889 1791 2957 pascerentur
1824 2888 1878 2940 et
1905 2890 2250 2959 regerentur.
2275 2905 2278 2907 *

319 2987 554 3060 Insuper
594 2984 896 3041 Ecclesiam
942 2987 1268 3058 pascentem
1306 3000 1412 3038 seu
1451 2986 1743 3055 regentem
1786 2982 2081 3040 constituit
2121 3001 2250 3040 cu1n

319 3085 522 3151 forma,
556 3103 668 3140 non
702 3082 1095 3154 democratica,
1131 3099 1246 3138 non
1286 3081 1694 3149 aristocratica‚
1742 3081 1839 3138 sed
1872 3083 2249 3140 monarchica.
2279 3105 2282 3108 ·
2327 3099 2331 3157 ᾗ

318 3184 380 3241 Εἰ
415 3201 621 3258 nempe
644 3182 893 3258 praefecit
916 3180 1256 3257 principem,
1295 3198 1425 3236 cum
1447 3181 1612 3254 plena
1635 3188 1688 3236 et
1707 3198 1957 3253 suprema
1980 3187 2251 3256 potestate
2278 3213 2285 3218 ·
2324 3186 2330 3249 5}

319 3283 554 3342 docendi
579 3287 634 3339 et
659 3280 1034 3355 gubernandi,
1064 3297 1178 3335 non
1197 3284 1419 3335 tantum
1449 3278 1643 3335 fideles
1669 3283 1918 3351 caeterOS‚
1957 3280 2054 3338 sed
2080 3279 2254 3337 etiam‘
2322 3306 2327 3343 ε

317 3386 573 3462 ipsorum
600 3389 854 3459 pastores
878 3379 1198 3455 EpiscopOS.
1229 3379 1295 3433 Et
1325 3378 1460 3434 huic
1492 3378 1734 3453 principi
1770 3379 2012 3435 contulit
2037 3379 2265 3436 infalli-.
2319 3435 2325 3461 Ξ

315 3483 554 3543 bilitatis
585 3480 1030 3561 praerogativam,
1067 3496 1198 3534 curn
1237 3482 1507 3553 potestate
1541 3495 1604 3534 ac
1633 3476 1819 3534 officio
1852 3477 2054 3535 fratres
2089 3497 2240 3549 suoS,

316 3585 374 3642 id
401 3591 507 3654 est,
547 3585 849 3660 Episcopos
883 3586 1114 3639 caeteros
1141 3579 1200 3634 in
1237 3578 1347 3635 fide
1373 3577 1765 3635 confirmandi.
1785 3579 2039 3654 ·Insuper
2064 3578 2253 3636 voluit·

315 3683 567 3741 Christus
594 3681 915 3741 Ecclesiam
934 3696 1094 3738 suam
1121 3675 1262 3750 regi,
1299 3694 1413 3734 non
1447 3695 1549 3751 per
1581 3677 1766 3734 solum
1792 3674 2132 3753 Episcopum
2157 3683 2239 3735 to·
2261 3674 2274 3679 ‘⁷
2314 3708 2319 3735 ε

2337 2836 2340 2923 l
