2352 4126
952 369 1074 416 PARS
1104 368 1326 428 QuAnrA.
2025 366 2081 414 Ἡ

209 477 527 542 dictionem,
556 475 627 550 set
663 476 909 532 formans
955 490 1054 547 per
1092 471 1518 529 institutionem.
1566 470 1622 525 Si
1658 487 1810 543 ergo,
1857 475 1919 525 ut
1951 470 2086 527 dicit

208 575 510 648 apostolus,
537 572 631 646 qui
654 569 929 628 benedicit
961 570 1137 643 major
1162 575 1266 639 est,
1298 575 1352 626 et
1382 569 1566 625 minor
1597 569 1692 643 qui
1712 567 2082 636 benedicitur,

210 679 419 730 constat
455 672 660 743 absque
692 669 844 725 omni
881 667 1223 725 dubitatione
1256 669 1399 742 quod
1426 674 1642 724 terrena
1671 671 1930 742 potestaS,
1967 686 2086 741 quae

211 790 238 826 a
268 768 539 844 spirituali
566 765 999 823 benedictionem
1025 765 1243 838 accipit,
1267 766 1394 838 jure
1419 765 1647 821 inferior
1666 764 2027 821 existimetur.
2057 787 2082 817 »

216 869 313 940 (De
354 867 725 935 Sacramentis,
750 863 845 920 lib.
898 864 962 934 ll,
998 868 1153 936 parte
1194 863 1257 927 ΙΙ,
1304 882 1422 936 cap.
1464 884 1528 931 ιν,
1562 864 1694 920 edit.
1738 863 2084 935 Rothomagi,

214 966 376 1031 1648,
408 970 446 1019 t.
475 963 558 1029 111,
593 981 648 1036 p.
682 961 837 1034 607.)

283 1061 358 1117 lbi
395 1060 648 1115 Ecclesiae
685 1058 950 1114 tribuitur
980 1057 1164 1130 aliqua
1195 1075 1320 1113 vera
1348 1056 1646 1112 auctoritas
1679 1058 1736 1112 in
1765 1063 2087 1131 potestatem

212 1159 434 1232 regiam,
465 1175 527 1212 ac
564 1156 796 1230 proinde
824 1156 881 1211 in
907 1173 1025 1211 rem
1052 1155 1409 1229 temporalem
1446 1155 1770 1210 societatum
1814 1156 2085 1211 civilium.

212 1256 423 1325 «Nam,
476 1254 675 1327 inquit,
725 1233 1034 1327 spiritualis
1069 1257 1309 1326 potestas
1354 1258 1629 1308 terrenam
1671 1257 1992 1325 potestatem
2041 1261 2089 1307 et

205 1356 468 1409 instituere
510 1355 658 1409 habet
706 1360 764 1407 ut
803 1355 890 1419 sit,
934 1357 988 1408 et
1020 1352 1256 1423 judicare
1294 1354 1338 1406 si
1375 1353 1508 1406 bona
1546 1370 1650 1406 uon
1701 1353 1880 1423 fuerit.
1915 1373 1941 1402 »
1969 1350 2088 1406 Haec

207 1468 403 1524 nempe
429 1450 879 1505 manifestissima
903 1449 1144 1522 lingonis
1174 1449 1422 1504 doctrina
1447 1471 1456 1501 :
1487 1454 1706 1503 terrena
1736 1453 1975 1521 potestas
2000 1449 2090 1502 de-

206 1548 403 1622 pendet
447 1548 514 1602 ab
561 1547 798 1603 Ecclesia
843 1553 902 1602 ut
942 1550 1245 1602 instituatur
1291 1555 1341 1601 et
1378 1549 1466 1611 sit,
1515 1551 1568 1601 et
1618 1546 1864 1601 Ecclesiae
1895 1546 2083 1618 judicia

203 1647 464 1717 subjicitur
508 1644 554 1699 si
594 1645 740 1699 bona
781 1662 890 1699 non
931 1644 1114 1700 fuerit.
1163 1645 1295 1698 Dum
1341 1662 1370 1699 e
1409 1648 1602 1698 contra
1651 1642 1955 1716 spiritualis
1994 1661 2089 1716 po—

207 1749 391 1811 testaS,
420 1762 546 1797 cum
575 1742 771 1808 deviat,
809 1762 840 1797 a
876 1743 986 1798 solo
1023 1743 1131 1799 Deo
1171 1744 1399 1816 judicari
1426 1751 1615 1816 potest.
1667 1741 1835 1813 Igitur
1875 1742 2091 1798 indubi-

207 1844 313 1894 tata
332 1840 542 1910 llugoni
574 1841 828 1895 Ecclesiae
849 1841 1161 1913 jurisdictio
1179 1842 1235 1896 in
1255 1847 1576 1914 potestatem
1596 1842 1801 1914 regiam
1824 1842 1891 1896 ab
1911 1842 2086 1898 officio

206 1955 304 1992 suo
339 1936 574 2003 dcx·iam;
604 1936 906 1992 indubitata
936 1939 1168 2010 proinde
1203 1939 1582 1994 subordinatio
1610 1940 1773 2011 regiae
1806 1940 2088 2012 potestatis

207 2032 430 2088 relative
456 2035 521 2087 ad
549 2038 872 2105 potestatem
901 2032 1265 2105 spiritualem.

280 2126 412 2192 Quid
447 2129 515 2181 ad
552 2129 681 2181 hunc
722 2135 916 2182 textum
942 2127 1195 2183 Bossuet?
1220 2162 1294 2169 —
1318 2131 1370 2184 1⁰
1400 2130 1634 2203 Opponit
1660 2130 1800 2186 duos
1824 2131 1960 2185 alios
1986 2130 2093 2185 Hu-

203 2224 360 2296 gonis
393 2228 591 2292 textUS,
615 2223 870 2279 videlicet
903 2224 999 2278 ubi
1031 2224 1162 2278 dicit
1189 2246 1199 2276 :
1241 2226 1541 2297 Spiritualis
1573 2229 1822 2298 siquidem
1856 2235 2089 2299 potestas

203 2338 301 2374 uon
330 2321 441 2373 ideo
462 2320 711 2391 praesidet
734 2326 791 2373 ut
821 2326 1037 2373 terrenae
1064 2321 1115 2372 iu
1143 2337 1238 2374 suo
1268 2321 1391 2391 jure
1415 2322 1774 2392 praejudicium
1804 2324 1962 2393 faciat
1988 2323 2091 2395 (Da

205 2418 538 2489 Sacramffil.
571 2417 633 2486 ΙΙ,
676 2435 728 2490 p.
756 2417 819 2485 ΙΙ,
862 2435 911 2472 c.
946 2419 1059 2487 vn),
1092 2423 1144 2473 et
1177 2418 1275 2472 ubi
1324 2418 1390 2472 ad
1434 2420 1651 2490 justum
1690 2419 1968 2492 judicium
2006 2439 2092 2475 re-

205 2514 394 2587 quirit,
424 2522 478 2569 ut
511 2517 714 2585 neyotia
736 2515 1009 2570 saecularia
1041 2533 1071 2570 a
1098 2524 1359 2588 potestate
1391 2523 1616 2582 terrena,
1646 2518 1945 2589 spiritualia
1974 2536 2090 2573 vera

206 2616 255 2663 et
279 2629 628 2664 rcctrsmsnm
661 2628 692 2664 a
715 2612 977 2682 spirituali
1000 2618 1258 2683 potestate
1296 2615 1661 2668 eoeamiuentur
1698 2614 1883 2686 (ibid,
1915 2634 1962 2670 c.
1999 2623 2088 2686 ur).

204 2705 303 2761 Sed
338 2708 451 2762 haec
494 2725 723 2780 prorsus
763 2713 911 2763 extra
942 2709 1323 2780 quaestionem.
1370 2710 1581 2765 Etenim
1616 2712 1846 2784 quaestio
1890 2718 1991 2781 est,
2024 2732 2092 2767 an

205 2802 373 2874 Hug0,
420 2804 560 2858 inter
607 2805 823 2876 negotia
871 2806 1216 2861 ecclesiastica
1261 2825 1382 2879 quae
1430 2826 1459 2862 a
1499 2813 1766 2880 potestate
1817 2809 2089 2882 spirituali

200 2899 496 2970 judicanda
520 2917 640 2955 esse
661 2901 837 2971 docet,
876 2903 1272 2974 computaverit
1299 2910 1352 2959 et
1395 2904 1544 2960 istud
1576 2927 1586 2958 ε
1632 2907 1883 2961 Judicare
1912 2916 2085 2979 potes-

206 3003 362 3051 tatem
394 3005 649 3052 terreuam
666 3003 713 3052 si
740 3000 871 3053 bona
898 3018 1000 3054 uon
1022 3003 1197 3072 fuerit.
1222 3002 1389 3056 Porro
1411 3020 1665 3076 expresse
1692 3003 1966 3076 spirituali
1998 3023 2089 3077 po-

204 3093 383 3148 testati
406 3094 493 3164 jus
523 3093 816 3166 adscripsit
848 3100 900 3150 et
938 3098 1238 3151 instituendi
1279 3106 1538 3152 terrenam
1574 3106 1627 3152 ut
1653 3099 1742 3167 sit,
1783 3102 1835 3152 ct
1864 3115 1978 3152 eam
2002 3098 2087 3168 ju-

206 3191 411 3245 dicandi
447 3192 493 3246 si
536 3191 687 3247 devia
729 3192 914 3248 fuerit.
953 3193 1106 3256 Quod
1140 3195 1448 3269 spiritualis
1486 3215 1596 3251 non
1631 3196 1830 3251 debeat
1859 3201 2087 3250 terrena}

206 3287 258 3339 in
284 3305 376 3342 suo
407 3291 526 3358 jure
560 3290 920 3361 praejudicium
961 3293 1153 3364 facere,
1193 3293 1317 3365 quis
1348 3311 1598 3366 unquam
1640 3293 1894 3365 negavit?
1940 3290 2090 3356 Quod

211 3382 508 3454 spiritualis
543 3386 733 3442 debeat
762 3390 1052 3461 spiritualia
1094 3398 1143 3444 et
1186 3390 1531 3446 ecclesiastica
1577 3390 1849 3464 judicare,
1898 3393 1951 3443 et
1990 3402 2086 3439 sae-

211 3477 412 3534 cularis
437 3484 730 3554 saecularia,
758 3504 1091 3560 persuasum
1121 3487 1343 3561 quidem
1368 3489 1561 3544 habuit
1587 3489 1762 3560 Hug03
1805 3485 1898 3542 sed
1925 3481 2094 3536 simul

213 3572 583 3635 indubitatum
609 3583 658 3638 ei
684 3583 808 3651 suit,
842 3591 1120 3641 terrenam
1143 3591 1493 3661 potestatem,
1523 3587 1570 3642 si
1596 3587 1739 3642 bona
1761 3599 1872 3638 non
1898 3577 2082 3648 fuerit,

205 3672 564 3753 judicandam
593 3695 712 3735 esse
735 3699 764 3736 a
790 3682 1090 3756 spirituali,
1118 3702 1180 3739 ac
1205 3684 1436 3758 proinde
1462 3680 1779 3756 hujusmodi
1808 3674 2087 3748 negotium
