2340 3990
43 0 45 3 .
61 0 71 2 -,
274 0 282 9 ⁴·
313 0 354 11 y...
370 0 374 5 .

107 72 110 82 ι
165 77 178 82 ..

126 108 142 123 ,1

134 145 140 155 0

824 381 956 429 rins
985 363 1202 434 Quian.
1856 375 1944 423 259

156 491 523 549 Ratiocinium
563 507 594 547 e
622 489 839 546 duobus
883 487 968 543 his
995 485 1237 543 textibus
1274 502 1304 540 a
1336 481 1618 539 Bossuetio
1643 480 1944 538 deductum

11 627 18 659 .·
84 590 161 647 sic
182 589 427 647 contrahi
450 592 656 663 potest:
680 586 1055 660 imperatoreS,
1084 601 1193 640 non
1220 587 1438 639 tantum
1463 597 1529 637 ex
1555 564 1804 654 ipsorum
1826 595 1948 654 per-

86 687 362 757 suasione,
385 685 480 743 sed
499 683 661 740 etiam
686 698 752 738 ex
771 680 1021 737 Ecclesiae
1039 680 1270 754 judicio,
1291 684 1423 736 sunt
1445 679 1605 752 primi
1621 684 1743 751 post
1759 677 1943 733 Deum.

87 783 227 859 Ergo
267 800 376 840 non
406 781 635 838 subsunt
659 780 897 836 Romano
936 778 1204 852 pontifici.
1247 778 1380 850 Ergo
1420 783 1700 850 nequeunt
1734 775 1801 831 ab
1833 774 1950 849 ipso

88 878 444 939 exauctorari.
474 877 622 935 Vides
648 878 800 948 (sunt
822 875 985 931 verba
1008 874 1298 945 Bossuetii)
1327 874 1450 946 quid
1477 874 1705 929 sentiant
1728 874 1829 945 ipsi
1852 874 1948 927 im-

0 968 4 1048 }
81 986 364 1052 peratore-s,
387 974 666 1047 plaudente
700 972 953 1035 Ecclesia;
986 989 1169 1042 nempe
1188 987 1245 1025 se
1273 972 1327 1024 in
1358 968 1520 1024 solius
1561 968 1656 1023 Dei
1690 975 1952 1041 potestate

0 1058 5 1102 1
87 1094 261 1132 esse...
271 1096 290 1139 ;
313 1091 414 1130 non
449 1074 602 1143 igitur
625 1072 687 1126 ab
709 1071 879 1142 aliquo
907 1087 1002 1142 per
1026 1069 1190 1124 Deam
1220 1069 1495 1122 constituto
1520 1067 1766 1136 pontifice
1799 1067 1953 1139 depo-

84 1174 295 1229 nendos.
335 1161 490 1244 (Edit.
515 1169 692 1236 Lebel,
725 1168 889 1228 1817,
915 1172 1062 1220 tomo
1088 1164 1258 1233 XXXI,
1286 1183 1338 1238 p.
1367 1165 1526 1235 571.)

159 1269 528 1342 Respondetur.
550 1298 617 1306 —
642 1265 697 1320 1ο
724 1263 934 1319 Erravit
960 1263 1035 1318 ibi
1061 1262 1304 1330 Bossuet‚
1335 1245 1660 1317 Tertulliani
1688 1260 1952 1335 placitum

85 1365 382 1424 exhibendo
411 1370 671 1436 tanquam
702 1362 993 1435 ipsiusmet
1024 1359 1278 1417 Ecclesiae
1309 1359 1608 1433 judicium.
1640 1358 1776 1414 Nam
1802 1376 1866 1414 ex
1891 1377 1955 1414 eo

83 1463 226 1538 quod
259 1462 626 1518 Tertullianus
666 1460 1007 1534 imperialem
1043 1463 1366 1533 potestatem
1395 1459 1495 1514 hoc
1538 1458 1621 1512 vel
1663 1457 1762 1513 illo
1795 1457 1956 1512 modo

82 1560 426 1624 intellexerit,
457 1561 774 1616 nullatenus
802 1558 1055 1632 sequitur
1092 1557 1336 1630 idipsum
1374 1555 1670 1612 Ecclesiam
1708 1555 1959 1612 docuisse

84 1663 174 1714 aut
202 1675 522 1730 persuasum
547 1656 821 1712 hahuisse.
863 1653 1116 1727 Alioquin
1141 1653 1394 1708 Ecclesiae
1414 1652 1763 1708 adscribendi
1795 1656 1961 1707 erunt

89 1754 419 1828 multiplices
461 1754 782 1810 Tertulliani
826 1770 1064 1817 errores3
1106 1768 1344 1823 quorum
1387 1749 1713 1824 p1·aecipuOS‚
1760 1749 1815 1803 id
1854 1754 1958 1820 est,

86 1869 254 1913 unum
281 1871 441 1926 supra
465 1853 705 1925 triginta,
731 1849 1008 1907 recensuit
1029 1849 1321 1904 Pamelius.
1350 1848 1525 1914 (Initio
1551 1848 1805 1903 editionis
1824 1865 1958 1915 suae,

86 1945 407 2022 liotliomagi
437 1949 626 2021 1662.)
655 1948 1031 2022 Apertissime‚
1057 1946 1209 2002 verbi
1235 1946 1429 2019 gratia,
1450 1945 1652 2001 erravit
1672 1944 1962 2001 Tertullia-

89 2060 210 2113 nUS‚
236 2062 360 2100 cum
392 2044 579 2099 illicita
606 2043 923 2099 christianis
950 2042 1324 2117 pronuntiavit
1360 2041 1620 2114 quaelibet
1648 2041 1830 2097 civilia
1858 2041 1962 2095 mi-

66 2141 330 2206 {itariave
367 2160 616 2211 munera,
662 2142 765 2198 etsi
792 2160 890 2197 nec
915 2141 1240 2196 idololatriae
1268 2158 1367 2197 nec
1401 2140 1686 2214 injustitiae
1720 2140 1963 2213 periculo

85 2240 357 2296 ullatenus
384 2241 636 2296 obnoxia.
676 2244 742 2296 At
773 2260 907 2296 nune
944 2241 1059 2314 (ait)
1091 2241 1153 2295 de
1185 2243 1283 2295 isto
1318 2244 1548 2312 queritur
1584 2260 1651 2295 an
1685 2242 1853 2312 fidelis
1895 2242 1963 2296 ad

85 2339 319 2396 militiam
362 2342 586 2394 converti
621 2342 809 2412 possit,
844 2347 894 2394 et
933 2358 999 2393 an
1039 2338 1227 2393 militia
1269 2340 1337 2392 ad
1370 2339 1524 2409 fidem
1565 2339 1770 2393 admitti
1807 2342 1963 2394 etiam

89 2436 308 2506 caliyata
333 2436 410 2490 vel
447 2438 661 2506 inferior
699 2456 939 2509 quaeqae,
968 2455 1081 2492 enm
1119 2454 1218 2490 non
1247 2439 1315 2491 sit
1340 2438 1617 2491 necessitas
1656 2437 1965 2492 immolatio-

89 2552 209 2589 num
235 2534 312 2587 vel
338 2535 633 2606 capitalium
657 2537 999 2607 judiciorum?
1030 2535 1146 2591 Non
1175 2537 1407 2590 convenit
1439 2543 1762 2590 sacramento
1794 2536 1966 2591 divino

92 2638 140 2686 et
175 2631 414 2695 humana,
434 2634 576 2702 siquo
604 2633 794 2689 Christi
816 2640 863 2688 et
888 2634 1146 2688 diaboli...
1173 2633 1288 2689 Non
1308 2641 1482 2706 potest
1506 2651 1612 2688 una
1636 2636 1811 2688 anima
1843 2635 1967 2689 dno-

26 2741 31 2751 '
91 2729 179 2782 bus
202 2728 389 2791 deberi,
409 2729 510 2783 Deo
533 2738 581 2785 et
609 2730 1264 2803 Caesari.(Deidololatria,
1285 2749 1403 2804 cap.
1419 2751 1603 2800 x1x,——
1617 2732 1747 2788 edit.
1770 2732 1968 2789 Rotlio-

0 2846 2 2868 ι
93 2821 259 2893 magi,
291 2821 455 2888 1662,
484 2843 536 2896 p.
569 2825 722 2897 245.)
745 2825 876 2881 Item
897 2825 1227 2881 existimavit
1244 2827 1616 2883 Tertullianus
1642 2828 1969 2885 idololatriae

92 2935 248 2974 reum
296 2920 410 2973 sore
458 2920 817 2977 christianum
857 2923 951 2995 qui
998 2923 1210 2995 regiam
1265 2924 1595 2996 dignitatem
1636 2932 1964 3000 acceptaret3

8 3024 25 3067 ³1
95 3012 259 3087 idque
289 3016 470 3088 arguit
510 3035 575 3072 ex
605 3036 668 3073 eo
699 3019 846 3090 quod
884 3018 1132 3074 Christus
1172 3037 1231 3074 se
1264 3037 1450 3091 regem
1490 3021 1822 3094 proclamari
1861 3042 1970 3080 non

4 3149 6 3154 ·
100 3109 170 3166 sit
192 3130 404 3185 passus.
438 3117 572 3171 Item
613 3117 825 3188 negavit
858 3116 1068 3172 licitam
1097 3135 1217 3173 esse
1258 3118 1316 3174 in
1351 3120 1732 3192 persecutione
1762 3123 1967 3196 fugam.

105 3204 430 3276 (Tertulliani
455 3214 744 3286 paradoxa,
762 3232 818 3269 n.
842 3213 911 3269 20
927 3247 1003 3254 -
1020 3214 1076 3269 in
1095 3214 1333 3271 editione
1349 3215 1575 3273 Pamelii
1596 3218 1763 3285 1662,
1783 3240 1837 3293 p.
1853 3221 1970 3291 51.)

102 3295 446 3370 Igitur’citata
471 3309 791 3367 Tertulliani
827 3311 990 3382 dicta,
1022 3330 1374 3387 quocumque
1403 3332 1572 3370 sensu
1612 3315 1969 3389 intelligenda

10 3411 25 3457 υ
102 3394 232 3467 sint,
257 3414 364 3452 non
389 3408 536 3458 certo
557 3406 813 3463 exhibent
837 3409 1263 3466 christianorum
1290 3412 1459 3484 hujus
1481 3412 1579 3468 aevi
1610 3418 1705 3469 aut
1719 3413 1969 3468 Ecclesiae

102 3491 406 3550 doctrinam
433 3503 482 3552 et
507 3503 932 3571 persuasionem.

179 3589 233 3643 2⁰
265 3590 492 3665 Allegati
532 3600 712 3654 textus
750 3618 861 3658 non
892 3605 1270 3663 contradicunt
1311 3606 1572 3662 doctrinae
1597 3607 1661 3662 dc
1695 3603 1968 3679 pontificia

0 3710 2 3714 ⁷
101 3693 362 3760 potestate
394 3690 447 3745 in
474 3710 588 3749 rem
616 3700 970 3771 temporalem
1002 3709 1264 3760 statuum.
1294 3705 1418 3760 Tota
1453 3721 1648 3777 nempe
1673 3702 1968 3758 difficultas
