2340 4062
858 338 987 385 PARS
1014 333 1207 389 QUARTA
1217 367 1229 379 .
1896 329 1984 377 107

857 680 1098 743 CAPUT
1148 681 1241 740 ΙΙΙ

661 862 991 901 cunctum
1019 860 1438 897 OEGUMBN'OEH

199 933 589 975 tumflfflffi
611 932 757 969 Anu!
778 929 921 966 ¹245
943 930 1075 966 ΘΙΙΙ
1104 929 1516 964 ΡΟΤΕΒΤΔΤΕΙΙ
1554 926 1921 965 Auso-'Fen'

534 1002 596 1037 m
640 1001 778 1036 mu
813 999 1248 1035 'cummanum
1288 997 1572 1034 STA'rttlJm

197 1204 238 1260 1.
278 1203 339 1258 In
363 1219 428 1258 eo
452 1199 682 1257 concilio
703 1195 1055 1272 pronuntiata
1071 1200 1153 1251 est
1173 1194 1241 1248 ab
1270 1193 1588 1249 Innocentio
1619 1194 1755 1266 Papa
1780 1193 1841 1246 IV
1866 1210 1989 1248 sen-

123 1299 287 1356 tentia
325 1297 676 1373 depositionis
716 1301 902 1352 contra
927 1292 1279 1350 Fredericum
1321 1291 1728 1364 imperatorem.
1773 1289 1832 1343 In
1882 1306 1989 1361 qua

125 1395 388 1452 'sententia
415 1395 493 1450 sic
522 1395 786 1450 habetur:
816 1392 921 1447 Nos
956 1394 1128 1462 itaque
1149 1407 1304 1461 super
1323 1390 1608 1460 praemissis
1639 1396 1688 1442 et
1717 1386 1991 1458 compluri-

128 1493 217 1547 bus
238 1493 354 1547 aliis
385 1494 491 1564 ejus
523 1492 758 1565 nefandis
789 1489 1094 1557 excessibus,
1124 1505 1239 1541 eum
1261 1487 1508 1558 putribus
1543 1486 1735 1539 nostris
1763 1491 1812 1537 et
1842 1500 1990 1537 sacro

127 1591 335 1646 concilio
361 1591 719 1645 deliberatione
738 1589 1022 1660 praehabita
1062 1586 1309 1659 diliqenti,
1354 1603 1468 1639 cum
1490 1585 1614 1639 Jesu
1646 1583 1830 1639 Christi
1862 1584 1993 1636 vices

131 1686 243 1740 licet
271 1689 506 1741 immeriti
533 1695 789 1741 teneamus
814 1688 867 1740 in
896 1686 1063 1748 terris,
1091 1685 1334 1754 nobisque
1363 1684 1416 1736 in
1442 1683 1574 1736 beati
1607 1681 1745 1735 Petri
1771 1680 1994 1751 apostoli

128 1798 350 1852 persona
374 1785 438 1837 sit
475 1784 683 1846 dietum,
705 1782 1097 1852 Quodcumque
1128 1778 1383 1852 ligaveris
1414 1795 1581 1850 super
1602 1782 1828 1845 terram,
1859 1781 1988 1843 cte.,

130 1886 465 1932 memoratum
487 1880 788 1948 principem,
828 1879 988 1947 quise
1012 1878 1222 1947 imperio
1242 1884 1292 1930 et
1326 1877 1493 1945 reynis
1523 1876 1760 1945 omnique
1800 1875 1994 1928 honore

127 1992 189 2027 ac
209 1975 455 2045 cli-(lunate
472 1975 691 2028 reddidit
711 1983 814 2029 tam
831 1975 1114 2044 indiynum,
1131 1975 1314 2044 quiq-ue
1326 1980 1540 2044 propter
1556 1989 1676 2026 suas
1696 1973 1992 2041 iniquitates

127 2088 158 2124 a
177 2070 282 2125 Deo
308 2089 371 2124 ne
397 2078 567 2141 reynet
603 2071 680 2124 vel
711 2074 920 2142 imperet
947 2079 1022 2125 est
1047 2073 1289 2142 abjectus,
1320 2072 1427 2124 sui-s
1455 2070 1665 2140 ligatum
1691 2071 1914 2140 peccatis
1942 2077 1990 2122 et

127 2165 390 2234 abjectum,
427 2168 661 2236 omnique
684 2166 874 2220 honore
900 2174 948 2220 et
975 2167 1220 2238 (Iiytiitate
1231 2169 1491 2237 privatum
1518 2184 1547 2219 a
1577 2165 1790 2219 Domino
1818 2172 1987 2218 osten-

127 2262 311 2328 dimus,
365 2263 747 2326 denimeiamus,
797 2281 857 2317 ac
903 2263 1230 2317 nihilominus
1283 2264 1643 2317 sententiando
1688 2265 1986 2333 privamus,-

126 2374 296 2410 omnes
323 2359 407 2427 qui
433 2360 476 2411 ei
494 2359 785 2428 juramento
810 2358 1074 2429 fidelitatis
1099 2366 1336 2412 tenentur
1361 2359 1613 2422 adstricti,
1646 2376 1675 2411 a
1694 2360 1992 2428 juramento

128 2453 410 2524 hujusmodi
445 2462 689 2525 perpetuo
740 2455 1056 2509 absolventes
1084 2476 1100 2506 .·
1132 2456 1441 2509 auctoritate
1466 2455 1751 2525 apostolica
1777 2457 1995 2525 firmiter

131 2549 394 2603 inhibendo
407 2568 470 2604 ne
491 2553 757 2621 quisquam
786 2551 848 2604 de
876 2558 1058 2606 caetero
1085 2553 1179 2606 sibi
1199 2559 1442 2622 tanquam
1460 2553 1758 2622 imperatori
1786 2551 1864 2605 rel
1886 2554 1993 2622 reyi

124 2652 307 2714 pareat
332 2646 407 2700 vel
434 2647 681 2711 intendat,
711 2655 758 2701 et
790 2649 1106 2703 decernendo
1137 2648 1382 2719 quoslibet
1417 2651 1500 2720 qui
1528 2649 1763 2719 deinceps
1790 2650 1831 2701 ei
1859 2649 1992 2702 relut

128 2742 421 2811 imperatori
451 2743 526 2796 vel
554 2746 657 2814 reyi
683 2746 948 2800 eonsilium
975 2746 1053 2800 vel
1087 2747 1335 2801 (inexilium
1366 2749 1708 2818 praestiterint
1737 2765 1827 2801 seu
1851 2749 1994 2819 savo-

128 2856 254 2906 rem,
295 2840 403 2910 ipso
444 2842 578 2911 sacto
619 2846 1154 2900 excommunicationis
1191 2846 1390 2900 vinculo
1434 2847 1714 2916 subjacere.
1773 2846 1990 2917 (labbe,

124 2930 375 3001 tomo'XI,
403 2940 552 3007 parte
570 2936 610 3005 I,
632 2938 734 2992 col.
767 2938 896 3006 645,
917 2938 1047 2994 edit.
1081 2940 1272 3012 1671.)
1298 2940 1576 2996 Sententia
1607 2943 1723 2997 haec
1747 2961 1991 3014 pronun-

122 3027 253 3084 tiata
274 3029 379 3086 fuit
399 3032 763 3089 conciliariter
782 3052 879 3090 seu
906 3036 1241 3110 approbante
1270 3037 1504 3094 concilio
1535 3039 1631 3094 illo
1650 3039 1992 3095 oecumenico

131 3125 211 3195 (ut
229 3127 543 3199 probabitur
568 3130 711 3187 infra
733 3138 922 3189 contra
934 3133 1304 3205 Bossuetium‚
1321 3135 1416 3208 qui
1436 3136 1658 3191 nullum
1676 3136 1828 3191 aliud
1851 3137 1989 3192 effu-

127 3219 274 3291 gium
309 3227 603 3299 reperiens,
640 3230 868 3286 futiliter
891 3230 1126 3288 asseruit
1157 3249 1279 3288 eam
1305 3233 1408 3288 soli
1447 3233 1602 3307 Papae
1634 3234 1985 3290 tribuendam

127 3318 288 3388 esse).
313 3320 448 3394 Ergo
474 3324 709 3382 Ecclesia
750 3327 856 3383 sibi
891 3329 1189 3385 vindicavit
1227 3334 1551 3404 potestatem
1577 3332 1634 3387 in
1661 3331 1982 3405 temporalia

127 3428 338 3483 regum.

199 3508 262 3563 ll.
303 3511 360 3566 ln
398 3514 587 3572 eodem
620 3520 849 3578 concilio
883 3510 1119 3580 decrevit
1154 3524 1510 3581 Innocentius
1542 3524 1603 3579 lV
1626 3524 1683 3578 in
1702 3524 1848 3577 hunc
1867 3538 1982 3575 mo-

126 3605 292 3661 dum:
325 3629 351 3660 α
379 3609 483 3666 Nos
506 3612 747 3685 ejusdem
786 3620 1023 3693 Apostoli
1061 3621 1243 3695 (Petri)
1277 3622 1480 3692 effecti,
1519 3622 1842 3694 disponente
1880 3618 1980 3674 Do·
