2340 3990
346 258 364 302 ·1
380 258 429 303 42
1016 250 1315 298 TRACTATUS
1345 250 1412 296 DE
1442 251 1590 298 PAPA.

417 363 700 422 Sententia
740 363 876 430 haec,
918 375 1044 432 quae
1082 357 1368 433 synodalis
1415 357 1542 425 fuit,
1589 362 1830 414 testatur
1862 359 2118 418 Patribus
2157 363 2261 421 hu·-

331 465 494 539 jusce
527 459 753 521 concilii
798 456 1179 514 indubitatam
1225 476 1457 534 prorsus
1497 457 1676 514 fuisse
1715 456 1966 532 aliquam
2004 460 2262 519 Ecclesiae

335 567 665 639 potestatem
698 557 758 612 in
793 574 915 614 rem
955 557 1327 631 temporalem
1370 563 1646 614 statuum.
1691 556 1871 613 Immo
1917 557 2059 614 solet
2097 559 2260 634 objici

337 667 614 736 quatenus
657 658 911 713 directam
944 662 1278 731 potestatem
1306 657 1661 733 exprimens;
1698 656 1797 714 sed
1842 657 1909 714 de
1939 656 2046 714 hac
2091 677 2265 733 quaes-
2304 695 2317 736 1

320 761 490 817 rtione
518 757 665 813 infra
695 755 1060 813 disseremus,

400 857 499 913 JV.
530 856 817 913 Concilium
836 855 1263 913 Beneventanum
1290 858 1417 912 anni
1452 855 1623 926 1087,
1647 858 1739 912 sub
1766 857 1973 914 Victore
1992 857 2144 930 Papa
2161 857 2259 915 ΙΙΙ.

340 956 624 1013 -Contra
648 956 1021 1031 imperatores
1043 962 1094 1013 et
1118 975 1301 1031 regeS,
1328 956 1426 1030 qui
1451 955 1842 1031 episcopatum
1871 956 1958 1013 vel
1986 956 2156 1013 aliam
2181 975 2266 1014 ec·

338 1056 715 1114 clesiasticam
763 1055 1095 1130 dignitatem
1129 1055 1325 1130 largiri
1361 1063 1796 1131 praesumerent,
1833 1056 2078 1114 decrevit
2105 1075 2266 1133 syno-

338 1155 444 1212 dus
479 1156 535 1211 in
554 1157 704 1211 hunc
727 1154 986 1210 modum:
1011 1177 1037 1208 «
1055 1154 1465 1211 Constituimus
1491 1155 1690 1227 etiam,
1707 1161 1770 1212 ut
1789 1155 1969 1230 siquis
2002 1156 2266 1231 deinceps

338 1253 727 1329 episcopatum
759 1253 847 1310 vel
878 1253 1161 1309 abbatiam
1207 1253 1276 1309 de
1319 1272 1495 1310 manu
1534 1254 1773 1328 alicujus
1822 1254 1979 1311 laicae
2011 1266 2294 1330 personae·

335 1354 666 1430 susceperit,
689 1354 1017 1410 nullatenus
1035 1353 1309 1430 Epicopus
1327 1355 1412 1411 vel
1439 1354 1610 1411 abbas
1629 1356 1926 1424 habeatur,
1940 1373 2125 1430 neque
2148 1354 2266 1411 ulla

334 1453 386 1509 ei
420 1460 485 1509 ut
516 1451 788 1527 Episcopo
810 1452 897 1508 vel
926 1451 1110 1508 abbati
1134 1451 1471 1509 adhibeatur
1492 1452 1876 1511 reverentia...
1906 1452 1961 1508 Si
1984 1453 2110 1527 quis
2131 1453 2265 1510 item

336 1552 767 1627 imperatorum,
789 1569 1091 1624 regum...,
1122 1550 1506 1624 episcopatum
1532 1552 1618 1608 vel
1639 1551 1892 1626 quamvis
1915 1552 2079 1607 aliam
2100 1551 2269 1609 eccle-

336 1651 615 1708 siasticam
656 1649 992 1722 dignitatem
1021 1649 1154 1705 dare
1195 1651 1647 1724 praesumpserit,
1685 1651 1942 1724 ejusdem
1977 1649 2267 1707 sententiae

334 1751 556 1806 vinculo
574 1768 632 1806 se
656 1749 993 1805 adstrictum
1014 1749 1256 1826 noverit.
1282 1770 1310 1802 »
1344 1750 1526 1823 (Apud
1551 1749 1746 1820 Mansi,
1774 1755 1816 1806 t.
1835 1749 1940 1820 XX,
1971 1748 2078 1805 col.
2106 1747 2262 1823 640.)

339 1873 365 1902 «
395 1850 517 1906 llaec
560 1849 736 1922 igitur
777 1847 990 1916 omnia,
1025 1847 1161 1904 dum
1192 1847 1448 1905 omnium
1490 1848 1890 1923 Episcoporum
1930 1847 1988 1903 in
2031 1848 2267 1905 concilio

334 1949 639 2007 astantium
664 1948 907 2005 fuissent
929 1956 1189 2023 suscepta
1203 1948 1418 2022 judicio
1443 1956 1498 2006 et
1524 1948 1859 2006 auctoritate
1885 1949 2138 2024 probata,
2162 1949 2270 2006 dis-

333 2047 609 2104 seminata
644 2046 913 2103 continuo
942 2066 1042 2121 per
1069 2047 1266 2102 orbem
1290 2047 1470 2103 fuere.
1501 2067 1529 2098 »
1568 2044 1756 2118 (lbid.‚
1786 2045 1892 2101 col.
1927 2044 2085 2118 641.)
2113 2044 2267 2101 Istud

332 2146 840 2204 etiamconcilium
869 2147 1248 2202 indubitatam
1279 2144 1497 2210 habuit,
1530 2151 1592 2199 ut
1617 2149 1787 2218 patet,
1808 2142 2064 2200 Ecclesiae
2090 2151 2268 2218 potes-

332 2249 499 2300 tatem
526 2260 686 2316 reges
716 2247 771 2298 et
808 2242 1182 2315 imperatores
1212 2239 1546 2314 deponendi.

410 2343 475 2399 V.
512 2342 804 2398 Concilium
823 2341 1117 2396 Romanum
1152 2341 1279 2394 anni
1313 2339 1482 2421 1102,
1501 2339 1596 2393 sub
1623 2338 1879 2394 Paschale
1903 2339 2056 2412 Papa
2087 2339 2159 2395 ΙΙ.
2195 2373 2263 2381 —

333 2440 596 2514 Praecepit
615 2441 720 2496 sub
738 2438 1318 2496 excommunicatione
1336 2442 1400 2492 ut
1426 2437 1824 2511 belligerantes
1851 2439 1920 2495 ab
1948 2439 2102 2495 omni
2129 2457 2265 2513 prae·

330 2539 406 2595 lio
425 2547 709 2597 cessarent
735 2557 765 2594 a
785 2540 875 2595 die
898 2539 1166 2595 mercurii
1189 2555 1368 2609 usque
1394 2537 1463 2593 ad
1488 2537 1690 2594 feriam
1709 2539 2040 2609 secundam,
2061 2539 2128 2595 ab
2155 2539 2264 2595 Ad-

331 2642 499 2693 ventu
523 2655 705 2711 usque
725 2636 795 2692 ad
825 2642 1080 2692 octavam
1111 2634 1461 2710 Epiphaniae‚
1488 2642 1543 2691 et
1569 2653 1599 2690 a
1628 2635 2049 2710 septuagesima
2085 2652 2264 2710 usque

333 2736 402 2792 ad
441 2742 693 2793 octavam
730 2736 976 2792 Paschae.
1019 2736 1092 2791 De
1124 2752 1234 2809 quo
1263 2711 1364 2805 si‘c,
1394 2734 1777 2808 Guillielmus,
1805 2735 2141 2810 Auscitanus
2166 2736 2266 2790 Ar-

337 2835 731 2910 chiepiscopus
758 2842 811 2892 et
831 2834 987 2890 Sedis
1003 2833 1331 2909 Apostolicae
1358 2833 1615 2906 LegatuS,
1642 2833 1702 2889 in
1725 2852 1827 2890 suo
1850 2835 2103 2890 mandato
2131 2831 2265 2889 anni

343 2932 510 2999 1104,
556 2932 627 2988 ad
679 2932 1002 3006 EpiscopOS‚
1043 2931 1281 2988 comites
1318 2936 1374 2988 et
1406 2930 1644 2988 barones
1670 2930 2006 2988 Auscitaniae
2050 2930 2266 3005 provin-

338 3029 436 3087 ciae
466 3031 680 3088 directo
708 3053 720 3086 :
764 3032 984 3088 «Juxta
1020 3037 1229 3089 statuta
1263 3031 1543 3105 generalis
1571 3031 1822 3102 concilii,
1862 3032 2047 3088 Romae
2082 3046 2265 3106 nuper

338 3129 626 3204 celebrati,
663 3148 856 3205 pacem
884 3138 941 3188 et
966 3136 1223 3204 treugam
1253 3130 1349 3186 Dei
1381 3130 1440 3185 in
1465 3128 1750 3203 provincia
1771 3133 1989 3199 nostra,
2017 3146 2082 3184 ex
2106 3130 2264 3203 parte

337 3227 433 3285 Dei
463 3234 519 3285 et
552 3228 774 3284 Domini
801 3229 958 3303 Papae
989 3234 1044 3285 et
1068 3233 1281 3294 nostra,
1310 3226 1381 3283 ab
1421 3226 1683 3283 omnibus
1720 3225 2060 3282 inconcusse
2095 3232 2148 3282 et
2178 3224 2264 3280 in-

339 3325 676 3383 violabiliter
712 3326 997 3383 observari
1035 3324 1417 3401 praecipimus,
1443 3346 1471 3379 »
1497 3324 1680 3399 (Apud
1718 3323 1914 3396 Mansi,
1938 3331 1978 3380 t.
2005 3323 2112 3392 XX,
2149 3323 2259 3380 col.

344 3425 537 3498 1148.)
565 3425 708 3482 Sane
735 3425 831 3499 qui
860 3424 968 3481 sibi
993 3430 1326 3499 potestatem
1354 3423 1551 3481 tribuit
1580 3423 1771 3500 praelia
1807 3423 1975 3481 certis
1997 3421 2264 3499 tempori·

343 3524 450 3580 bus
476 3522 870 3593 interdicendi,
896 3524 1002 3580 hoc
1018 3522 1140 3598 ipso
1156 3525 1250 3598 jus
1277 3523 1388 3580 sibi
1409 3523 1654 3581 vindicat
1678 3523 1737 3580 in
1758 3543 1880 3603 rem
1899 3523 2260 3599 temporalem

344 3624 692 3700 principum.
723 3622 1035 3681 Concilium
1073 3630 1264 3682 autem
1298 3624 1449 3683 istud
1491 3643 1592 3701 pro
1624 3625 1974 3684 oecumenico
2009 3623 2260 3682 habitum
