2340 3990
310 219 398 265 550
989 209 1292 258 'memus
1323 208 1391 255 ΒΕ
1421 211 1571 258 PAPA.
2280 183 2285 186 ’
2335 173 2340 193 ’

312 329 378 400 (t.
407 325 451 395 Ι,
479 343 536 400 p.
573 324 706 392 142,
747 320 921 386 PariS‚
954 318 1125 392 1852)
1157 338 1168 372 ε
1213 340 1240 372 «
1269 317 1581 375 Concilium
1618 321 2060 383 ecclesiasticum
2093 329 2230 385 divi-

310 423 465 480 ditur
491 423 550 478 in
578 419 838 494 generale
863 422 917 473 et
942 417 1300 492 particulare.
1341 417 1597 476 Generale
1623 427 1989 493 repraesentat
2003 427 2234 486 univer-
2272 414 2340 501 {ss

311 541 432 579 sam
464 517 792 583 Ecclesiam3
837 520 1006 590 atque
1044 515 1199 582 hinc,
1229 533 1292 572 ex
1320 522 1502 593 etymo
1529 516 1801 587 nominis,
1832 517 2042 576 dicitur
2069 522 2236 581 etiam
2289 504 2327 535 ⁴

307 618 625 696 plenarium
676 623 730 672 et
774 615 1098 672 universale
1134 615 1421 683 absolute3
1477 615 1607 673 item
1657 621 2026 675 oecumenicum
2052 641 2068 672 :
2115 640 2240 695 quae

306 724 493 775 tamen
530 720 811 791 postrema
843 712 1168 788 appellatiO,
1210 712 1268 768 in
1305 731 1474 770 sensu
1517 731 1818 786 canonum,
1858 715 2089 791 insuper
2116 718 2237 791 leyi-
2282 715 2318 762 ‘³0'

312 819 513 882 timum,
561 814 912 888 approbatum
938 819 988 868 et
1030 819 1295 885 receptum
1331 812 1669 887 exprimit.»
1698 813 1807 870 Nos
1851 816 2112 887 yeneralis
2145 835 2241 894 ap·-
2335 881 2340 888 ¹

308 916 671 992 pellationem
702 920 973 987 tanquam
1019 915 1319 968 oecumenici
1361 912 1720 990 synonimam
1774 914 2133 974 habebimus.
2179 919 2242 976 Et
2290 941 2299 954 ἲ

311 1017 458 1074 sicut
492 1017 730 1090 perfecte
762 1015 1156 1080 oecumenicum,
1185 1011 1260 1067 ita
1287 1015 1532 1086 perfecte
1559 1014 1802 1085 yenerale
1831 1015 2136 1072 concilium
2175 1018 2243 1075 ah·
2287 1009 2305 1051 i.

315 1120 616 1192 imperfecte
641 1116 873 1188 {letteren
899 1113 1330 1186 distinguimus,
2299 1107 2301 1109 ’

398 1221 453 1275 4⁰
495 1217 590 1273 llis
629 1214 981 1291 praenotatiS,
1022 1213 1327 1269 concilium
1369 1213 1783 1270 oecumenicum
1825 1222 1978 1271 recte
2028 1215 2247 1273 definiri
2288 1207 2308 1242 Ὗ

311 1317 532 1374 videtur
571 1316 674 1371 hac
721 1313 1004 1369 formula:
1043 1311 1332 1367 Concilium
1378 1313 1680 1366 universam
1722 1313 2009 1370 Ecclesiam
2053 1334 2249 1389 reprae-
2289 1327 2318 1409 Ξ

311 1426 554 1483 sentans,
591 1417 722 1470 actis
766 1414 1087 1468 assentiente
1124 1410 1365 1466 Romano
1407 1410 1681 1482 Pontifice.
1715 1444 1786 1452 —
1810 1412 2024 1468 Dicitur
2066 1415 2250 1487 primo

318 1517 614 1579 concilium,-
658 1531 782 1587 qua}
823 1530 946 1580 vox,
979 1529 1044 1566 cx
1088 1509 1291 1565 tradita
1333 1509 1596 1582 superius
1638 1510 1963 1568 definitione
1995 1513 2253 1570 concilio·
2308 1538 2310 1542 ’

326 1634 459 1673 rum
486 1615 546 1669 in
573 1630 794 1686 genere,
838 1610 1135 1684 aequivalet
1161 1608 1292 1664 huic
1321 1608 1610 1664 enuntiato
1650 1632 1660 1663 :
1695 1610 1947 1682 Leyitima
1971 1612 2253 1687 Episcopo-

329 1735 444 1772 rum
471 1715 725 1770 (estimatio
766 1713 834 1767 ad
869 1711 1211 1766 statuendum
1256 1711 1319 1766 (le
1352 1711 1506 1765 rebus
1537 1710 1920 1767 ecclesiasticis,
1950 1746 2018 1754 —
2046 1712 2254 1768 Dicitur

331 1814 574 1872 secundo
612 1814 909 1868 nniversam
944 1811 1233 1866 Ecclesiam
1272 1819 1686 1883 repraesentans,·
1730 1830 1850 1883 quac
1893 1830 2022 1886 pars
2061 1811 2254 1868 defini-
2331 1811 2336 1813 “

326 1914 496 1971 tionis
542 1911 808 1987 exprimit
851 1911 1047 1966 adesse
1091 1909 1376 1984 imprimis
1422 1909 1642 1983 debere,
1684 1928 1784 1984 per
1826 1930 1884 1967 se
1925 1912 2010 1967 vel
2049 1930 2149 1986 per
2183 1912 2257 1970 le-

325 2022 481 2090 gatos
511 2032 663 2080 SUOS,
703 2011 874 2067 totius
903 2010 1169 2067 Ecclesia).
1203 2016 1367 2085 caput
1391 2010 1710 2067 Romanum
1748 2011 2092 2069 Pontificem.
2121 1986 2255 2068 Nam

327 2116 392 2171 de
419 2113 529 2170 fide
561 2117 641 2168 est
669 2110 1034 2167 constitutum
1061 2127 1091 2164 a
1117 2109 1338 2165 Christo
1365 2110 1684 2165 Romanum
1710 2109 2052 2178 Pontificem,
2077 2107 2267 2167 Eccle÷

329 2214 423 2271 siae
461 2217 650 2287 caput,
691 2217 998 2286 pastorem,
1038 2214 1365 2283 patremque
1400 2228 1463 2266 ac
1493 2215 1789 2266 rectorem.
1825 2210 2071 2266 Proinde
2114 2209 2257 2265 sicut
2306 2188 2310 2195 Χ

328 2331 439 2369 non
466 2314 904 2387 repraesentatur
948 2309 1163 2382 integre
1204 2326 1408 2383 corpus
1441 2309 1759 2364 humanum
1804 2309 1850 2365 si
1879 2309 2034 2364 desit
2066 2313 2254 2383 caput,

312 2421 433 2468 'nec
460 2411 607 2466 ovile
633 2409 678 2466 si
709 2408 854 2465 desit
884 2412 1093 2482 pastor,
1136 2423 1240 2463 ncc
1281 2405 1496 2462 familia
1531 2406 1577 2461 si
1608 2406 1754 2461 desit
1788 2411 1968 2480 pater,
1999 2424 2101 2462 nec
2141 2424 2259 2480 reg-

333 2528 473 2564 num
502 2509 548 2565 si
587 2508 730 2564 desit
762 2508 898 2578 Rex,
942 2506 1015 2561 ita
1044 2506 1090 2562 si
1125 2506 1266 2562 absit
1296 2505 1584 2560 Romanus
1612 2504 1884 2572 Pontifex,
1926 2523 2037 2560 non
2063 2522 2259 2579 reprae-

333 2606 651 2664 sentabitur
694 2605 960 2660 universa·
997 2605 1261 2674 Ecclesia,
1300 2602 1579 2676 siquidem
1622 2604 1801 2659 deerit
1838 2603 2118 2677 praecipua
2161 2602 2259 2659 illa

333 2726 483 2782 pars,
513 2725 683 2780 quam
718 2705 969 2760 Christus
1007 2703 1188 2759 voluit
1225 2720 1346 2759 esse
1377 2701 1511 2758 huic
1551 2702 1790 2780 mystico
1829 2701 2047 2777 corpori
2073 2711 2280 2777 caput,·
2320 2729 2326 2736 ·

333 2807 538 2866 ethuic
564 2805 798 2883 mystico
818 2803 1049 2860 aedificio
1073 2802 1532 2858 fundamentum.
1555 2802 1667 2858 Nec
1687 2801 1906 2858 dicatur
1927 2802 2047 2858 dari
2076 2819 2256 2877 posse,
2296 2777 2306 2794 Ἰ
2330 2859 2331 2862 ,

336 2909 473 2964 dum
500 2914 657 2965 vacat
681 2907 929 2962 Romana
963 2903 1155 2974 SedeS,
1187 2902 1495 2959 concilium
1525 2901 1843 2975 legitimum
1869 2921 1933 2958 ac
1963 2903 2259 2960 oecumeni-
2283 2890 2311 2917 ⁷

334 3026 464 3063 cum
503 3008 717 3081 absque
740 3006 903 3080 Papa3
950 3003 1188 3078 proinde
1219 3001 1604 3059 necessarium
1636 3020 1749 3058 non
1777 3020 1904 3058 esse
1936 3002 1994 3057 in
2025 3001 2258 3060 concilio

334 3107 564 3180 Papam,
610 3111 672 3160 ut
697 3108 1136 3180 repraesentetur
1178 3102 1439 3158 universa
1465 3101 1728 3158 Ecclesia.
1773 3101 1909 3156 Nam
1945 3102 2256 3175 legitimum
2307 3162 2312 3167 ,

335 3203 562 3277 quidem
591 3220 711 3258 esse
739 3207 916 3276 potest
941 3202 1153 3258 dictum
1194 3199 1528 3265 concilium;
1580 3204 1636 3254 at
1672 3217 1987 3273 numquam
2033 3200 2139 3255 erit
2168 3201 2260 3255 aut

337 3303 536 3361 merito
577 3302 687 3359 dici
723 3301 928 3377 poterit
961 3304 1194 3374 perfecte
1219 3302 1608 3355 oecumenicum.
1641 3298 1868 3355 Debebit
1895 3317 1924 3355 e
1950 3306 2145 3356 contra
2173 3317 2261 3356 vo-

338 3403 451 3460 cari
485 3401 810 3478 imperfecte
839 3418 938 3456 seu
972 3399 1164 3454 minus
1191 3398 1417 3473 proprie
1449 3397 1880 3463 oecumenicum,
1913 3417 1978 3454 ex
2003 3398 2099 3453 illa
2127 3373 2259 3472 prae:

340 3503 452 3559 cise
493 3501 710 3558 ratione
760 3499 908 3574 quod
945 3497 1092 3554 absit
1134 3497 1295 3572 Papa.
1339 3497 1399 3552 In
1440 3496 1768 3553 definite-ione
1810 3515 1923 3553 non
1972 3497 2258 3573 posuimus

337 3601 661 3675 praesidente
697 3599 934 3656 Romano
972 3596 1248 3668 pontifice,
1294 3594 1428 3669 quia
1460 3594 1516 3650 id
1547 3594 1896 3652 sufficienter
1929 3595 2260 3670 exprimitur
