2340 3990
323 225 412 271 560
997 199 1295 269 TRACTATiJS
1323 221 1391 267 m:
1422 220 1568 268 PAPA.

327 336 461 388 runt
486 332 619 388 anni
657 331 786 388 514.
810 329 991 402 igitur
1015 327 1112 404 qui
1149 332 1528 402 propugnaret
1562 327 1918 384 interituram
1942 327 2239 387 Ecclesiam

328 426 437 482 nisi
470 446 570 503 per
594 424 885 482 intervalla
914 423 1270 481 celebrentur
1298 424 1493 499 synodi
1524 425 1906 491 oecumenicae,
1944 427 2244 486 concedere
2278 419 2295 437 ⁶

329 530 516 581 tamen
538 522 797 595 deberet,
834 538 999 595 posse
1039 520 1343 577 Ecclesiam
1383 538 1482 594 per
1510 521 1613 576 tria
1649 521 1847 578 saltem
1886 521 2088 578 saecula
2125 521 2244 580 sine
2272 509 2287 522 ⁶

329 622 563 680 concilio
593 620 939 678 oecumenico
963 620 1169 677 vivere.
1194 620 1362 677 Porro
1398 620 1447 677 si
1476 620 1718 677 Ecclesia
1747 639 1848 696 per
1875 620 2051 677 trium
2077 637 2247 678 saecu·
2275 665 2283 668 <
2336 612 2340 653 ξ

327 702 509 776 lorum
541 725 782 776 tractum
814 738 1002 777 carere
1037 719 1209 796 possit
1238 720 1580 778 oecumenica
1617 721 1825 798 synodo
1869 722 2006 794 quin
2036 725 2243 795 pereat,

328 820 481 876 nulla
510 826 694 895 potest
722 820 998 894 assignari
1033 821 1379 878 rationabilis
1418 839 1581 878 causa
1609 822 1720 893 [cur
1756 821 1943 896 perire
1980 820 2176 876 debeat
2201 820 2247 878 si

328 919 543 992 absque
580 919 829 976 conciliis
859 920 1222 976 oecumenicis
1265 920 1562 977 elabantur
1599 924 1867 994 quatuor,
1908 919 1992 975 vel
2035 917 2243 987 decem,

329 1019 414 1073 vel
441 1018 608 1074 etiam
635 1019 940 1075 octodecim
969 1020 1189 1075 saecula.
1225 1019 1523 1076 Enimvero
1550 1037 1716 1075 causa
1739 1018 1832 1074 illa
1861 1017 2269 1074 desumeretur

333 1120 416 1173 vel
457 1137 518 1174 ex
549 1124 748 1174 natura
791 1118 1045 1175 Ecclesiae
1079 1125 1131 1175 et
1171 1119 1395 1176 concilii
1439 1119 1793 1189 oecumenici,
1836 1119 1923 1175 vel
1961 1135 2028 1174 ex
2063 1115 2247 1189 aliqua

332 1218 534 1273 Christi
562 1204 642 1274 sic
665 1218 1016 1274 decernentis
1034 1219 1406 1275 ordinatione.
1428 1218 1593 1292 Atqui
1618 1223 1886 1274 neutrum
1914 1216 2021 1272 dici
2045 1220 2245 1290 potest.

331 1317 467 1372 Nam
507 1317 565 1373 id
608 1317 755 1389 quod
803 1322 885 1372 est
926 1317 1223 1372 essentiale
1258 1316 1425 1372 alicui
1455 1315 1560 1386 rei,
1601 1333 1909 1389 numquam
1954 1315 2022 1370 ab
2053 1314 2155 1370 ista
2192 1330 2254 1370 re
2286 1359 2300 1367 ,.

333 1415 528 1470 abesse
571 1419 769 1487 potest.
816 1414 990 1486 Igitur
1026 1414 1071 1469 si
1103 1420 1169 1468 ex
1197 1418 1399 1469 natura
1429 1430 1528 1469 seu
1567 1412 1807 1469 essentia
1842 1430 1942 1468 sua
1978 1411 2254 1486 synodum

335 1514 739 1571 oecumenicam
783 1514 1028 1570 Ecclesia
1070 1512 1402 1588 requireret,
1450 1513 1605 1570 illam
1652 1513 1965 1587 requireret
2007 1512 2255 1586 quolibet

334 1613 601 1687 temporis
627 1614 884 1678 articu10‚
921 1619 974 1669 et
1003 1631 1106 1670 nec
1135 1614 1220 1669 vel
1247 1632 1359 1670 una
1386 1614 1522 1669 hora
1546 1613 1667 1669 sine
1698 1613 1803 1669 isto
1834 1612 2097 1686 requisito
2126 1611 2254 1668 sub-

335 1713 531 1769 sistere
559 1720 764 1787 posset.
794 1713 901 1768 Nec
931 1713 1232 1787 objiciatur
1258 1713 1325 1768 ad
1357 1712 1525 1768 vitam
1547 1712 1789 1769 hominis
1823 1711 2033 1786 requiri
2063 1711 2252 1768 cibum

336 1830 435 1886 per
463 1812 771 1880 intervalla,
812 1813 941 1868 licet
986 1831 1098 1868 non
1128 1813 1448 1887 requiratur
1478 1813 1632 1870 omni
1667 1815 1820 1882 hora3
1858 1818 1911 1868 et
1941 1830 1970 1866 a
2012 1811 2134 1886 pari
2160 1811 2255 1867 Ec·

336 1913 524 1969 clesiee
556 1913 898 1970 necessarias
928 1932 1050 1970 esso
1087 1914 1326 1987 synodos
1360 1913 1756 1984 oecumenicaS,
1795 1913 1928 1969 licet
1960 1913 2040 1969 eis
2070 1930 2256 1969 carere

337 2012 510 2087 possit
557 2030 656 2086 per
695 2012 919 2088 aliquod
966 2013 1235 2087 temporis
1279 2012 1659 2069 intervallum.
1705 2012 2115 2087 Respondetur,
2162 2029 2259 2086 per
2311 2004 2319 2012 “

339 2109 642 2165 carentiam
673 2109 805 2178 cibi,
835 2109 983 2165 ultra
1011 2115 1188 2165 certos
1217 2110 1487 2166 terminos
1515 2116 1876 2185 protractam,
1908 2110 2125 2167 destrui
2153 2115 2262 2165 sta-

340 2212 462 2260 tum
496 2207 745 2280 corporis
785 2208 854 2262 ad
887 2207 1050 2262 vitam
1087 2208 1491 2264 necessarium.
1532 2208 1638 2265 Sed
1676 2227 1774 2283 per
1800 2208 2105 2265 carentiam
2133 2225 2260 2262 con·
2298 2234 2308 2243 ·

341 2305 457 2361 cilii
490 2307 820 2363 oecumenici
855 2307 999 2362 nihil
1040 2307 1099 2362 in
1132 2308 1373 2364 Ecclesia
1417 2308 1727 2364 destruitur
1759 2309 1828 2364 ad
1870 2308 2043 2364 vitam
2083 2307 2260 2381 ipsius

343 2406 705 2478 requisitum.
736 2406 890 2471 Quod
917 2412 1105 2463 autem
1135 2407 1429 2484 attinet'ad
1465 2407 1872 2464 ordinationem
1903 2406 2128 2474 Christi,
2154 2411 2261 2462 sta-

346 2508 558 2564 tuentis
585 2513 648 2563 ut
670 2508 834 2563 tertio
863 2526 1086 2581 quoque
1113 2508 1180 2581 ad
1209 2509 1398 2565 minus
1426 2511 1626 2566 saeculo
1655 2509 1898 2584 synodus
1924 2506 2264 2565 oecumenica

346 2604 680 2673 celebretur,
727 2607 977 2678 alioquin
1012 2607 1131 2680 ipso
1169 2607 1314 2662 facto
1359 2605 1791 2679 extinguendam
1830 2603 2153 2668 Ecclesiam,
2199 2602 2266 2659 ad

350 2702 569 2758 somnia
611 2721 844 2776 prorsus
886 2704 1256 2776 rejiciendum
1294 2710 1408 2769 cst3
1447 2722 1576 2759 cum
1615 2703 1674 2757 in
1711 2701 1881 2758 sacris
1924 2701 2128 2757 litteris
2167 2705 2308 2756 aut,

348 2802 575 2857 Patrum
613 2802 911 2858 traditione
949 2803 1091 2858 nihil
1112 2809 1371 2859 occurrat
1409 2821 1515 2876 quo
1542 2802 1629 2858 vel
1663 2802 1967 2858 minimum
1996 2800 2268 2857 innuatur
2301 2798 2305 2802 ’
2332 2855 2334 2857 ,

351 2903 483 2957 talis
522 2903 819 2959 ordinatio
867 2903 1042 2977 Igitur
1089 2922 1449 2978 nequaquam
1503 2899 1822 2959 necessaria
1866 2907 1996 2957 sunt
2038 2900 2266 2957 concilia

355 3004 692 3072 oecumenica
721 3004 786 3059 ad
820 3004 925 3060 hoc
952 3010 1014 3060 ut
1037 3004 1277 3060 Ecclesia
1310 3002 1578 3060 subsistat
1611 3020 1709 3058 seu
1736 3019 1848 3057 non
1870 3007 2081 3076 pereat.

429 3101 717 3157 Pnoposmo
745 3104 852 3159 lxss.
877 3138 948 3146 —-
968 3105 1333 3162 Necessarium
1365 3123 1472 3160 uon
1496 3105 1576 3160 'est
1602 3103 1876 3159 concilium
1903 3103 2266 3156 oecumenicum

356 3202 426 3257 acl
457 3203 550 3257 hoc
574 3209 631 3257 ut
656 3220 763 3256 non
797 3205 1023 3259 violetur
1052 3212 1380 3278 praeceptum
1416 3203 1606 3260 Christi
1634 3201 1969 3256 conciliorum
2002 3201 2272 3255 oecumeni·

359 3321 537 3359 cornm
578 3303 975 3358 celebrationem
1020 3305 1358 3376 injunyentiS.
1404 3335 1481 3342 ——
1516 3300 1656 3357 Nam
1709 3299 1838 3356 talis
1891 3299 2154 3374 praecepti
2204 3313 2271 3352 ne
2306 3343 2318 3347 ..

358 3400 658 3474 vestigium
692 3400 921 3474 quidem
956 3400 1123 3457 ullibi
1150 3405 1315 3456 extat.
1925 3404 1927 3406 ’

436 3501 727 3557 Pnorosrno
749 3501 835 3556 Xa.
854 3534 931 3542 —
953 3499 1239 3557 Concilium
1271 3503 1636 3556 oecumenicum
1663 3504 1839 3572 potest
1868 3515 1997 3564 esse,
2033 3512 2138 3550 non
2162 3500 2274 3548 tcm-

365 3610 473 3658 tum
511 3602 659 3674 utile,
689 3602 782 3658 sed
819 3603 976 3657 etiam
1011 3602 1191 3656 stricte
1232 3600 1585 3655 necessarium
1615 3597 1683 3652 acl
1717 3598 1809 3652 hoc
1850 3602 1910 3651 ut
1939 3593 2160 3650 haeretici
2196 3586 2273 3644 vel
