2352 4126
247 393 303 438 10
921 387 1215 438 TRACTATUS
1244 387 1310 433 DE
1341 387 1487 434 ΡΑΡΑ.

244 500 435 557 textu?
461 499 740 556 Nimirum
765 516 832 555 an
857 498 1052 554 debeat
1078 512 1254 552 necne
1281 513 1541 553 summus
1575 494 1824 552 Pontifex
1859 515 1960 571 pro
1986 497 2164 554 trihu-

244 597 360 654 nali
393 597 586 655 sedere
623 597 693 654 ad
722 595 1056 672 judicandas
1097 594 1430 670 temporales
1467 595 1615 652 lites,
1663 595 1786 651 Haec
1821 601 2009 652 autem
2043 597 2163 671 ejus

245 696 536 754 conclusio
557 695 646 752 :10
670 695 791 751 Non
818 694 1024 750 debere
1049 711 1342 750 summum
1361 694 1682 751 Pontificem
1701 694 1843 750 ultro
1872 693 2166 752 incumbere

245 797 363 852 istis
395 804 645 867 tanquam
672 795 876 868 maynis
909 795 1182 868 dionisque
1209 792 1308 850 tali
1341 801 1391 850 et
1436 793 1620 850 talium
1657 796 1950 850 intentione
1980 796 2133 851 rebus
2144 814 2163 858 ,·

248 895 305 950 2⁰
330 910 492 950 suam
514 909 645 949 vero
672 897 921 949 mentem
950 911 1065 948 non
1091 910 1215 950 esse
1239 893 1389 967 quod
1414 910 1525 950 non
1552 893 1727 967 possit
1752 893 2002 966 legitime
2020 911 2171 950 sum-

249 1009 377 1046 mus
399 990 670 1064 Pontifex,
706 992 794 1047 ubi
810 991 1321 1065 necessitas'eaeiqit‚
1341 991 1630 1047 incidenter
1663 993 1932 1047 incurrere
1951 993 2006 1046 in
2038 993 2166 1058 ista,

253 1109 413 1146 eausa
429 1097 667 1163 urqente.
689 1090 754 1146 Ut
773 1095 961 1146 autem
979 1090 1164 1147 firmet
1185 1091 1329 1146 hanc
1345 1089 1606 1146 ultimam
1627 1089 1957 1146 sententiam
1984 1107 2167 1154 suam,

254 1189 459 1264 allegat
488 1189 700 1246 dictum
734 1189 910 1246 sancti
951 1189 1108 1246 Pauli
1155 1211 1164 1242 :
1205 1189 1271 1252 Si¹
1296 1190 1436 1246 enim
1472 1190 1527 1243 in
1558 1189 1699 1243 vobis
1730 1188 2057 1261 judicabitur
2092 1188 2173 1243 hio

254 1291 501 1358 mundus,
523 1291 725 1363 indi-qni
742 1291 864 1346 estis
887 1292 974 1363 qui
991 1291 1056 1346 de
1073 1292 1303 1346 minimis
1311 1289 1596 1362 judicatis?
1627 1287 1802 1360 Igitur
1831 1286 2174 1362 intelligebat

254 1397 488 1448 sanctus
523 1391 840 1448 Bernardus
865 1408 1029 1465 posse
1068 1409 1100 1446 a
1135 1391 1278 1464 Papa
1319 1389 1530 1459 dirimi,
1566 1391 1876 1444 necessitate
1911 1389 2169 1460 eoeiyente,

251 1491 376 1546 lites
403 1490 559 1546 illius
595 1490 799 1564 speciei
828 1490 896 1546 de
926 1508 1036 1563 qua
1062 1474 1316 1562 loquitur
1340 1488 1655 1563 Apostolus,
1685 1487 1948 1561 Alioquin
1980 1505 2175 1562 perpe-

251 1609 372 1646 ram
405 1590 619 1646 dictum
642 1590 763 1663 ejus
791 1590 1107 1664 allegasset.
1136 1589 1305 1645 Porro
1330 1588 1407 1644 ibi
1434 1595 1662 1645 sanctus
1685 1588 1890 1643 Paulus
1918 1587 2177 1662 probibet

256 1709 330 1747 ne
366 1690 668 1746 Christiani
702 1691 817 1746 lites
851 1707 984 1746 suas
1021 1688 1337 1762 temporales
1378 1688 1447 1743 ad
1490 1706 1833 1762 paganorum
1872 1686 2175 1742 tribunalia

258 1789 532 1846 deferant.
562 1789 803 1863 Vultque
835 1789 1051 1863 aliquos
1080 1788 1146 1844 de
1174 1787 1418 1844 Ecclesia
1436 1786 1504 1842 ad
1528 1787 1653 1844 illas
1674 1785 2005 1860 judicandas
2024 1785 2177 1858 eligi.

259 1888 415 1954 Quod
433 1894 620 1945 autem
648 1888 914 1962 loquatur
931 1887 1011 1942 ibi
1035 1892 1261 1942 sanctus
1289 1885 1496 1941 Paulus
1517 1884 1585 1939 de
1611 1884 1793 1940 causis
1819 1885 2184 1939 ecclesiasticis

260 1987 726 2051 christianorum,
764 1992 861 2042 aut
895 1991 1119 2041 tantum
1155 1985 1222 2040 de
1255 1982 1441 2039 causis
1472 1982 1877 2057 temporalibus
1918 1982 2183 2039 connexis

261 2105 391 2142 cum
431 2085 839 2151 ecclesiasticis,
886 2090 938 2140 et
978 2102 1102 2157 quae
1127 2083 1342 2139 ratione
1381 2083 1550 2156 hujus
1580 2081 1946 2137 connexionis
1970 2081 2184 2155 possint

260 2187 329 2242 ab
356 2185 727 2243 ecclesiastico
749 2184 937 2259 judice
967 2183 1280 2239 incidenter
1311 2181 1527 2254 dirimi,
1559 2181 1799 2236 stultum
1828 2180 1970 2236 foret
2001 2181 2089 2236 vel
2123 2181 2182 2235 in

260 2284 626 2357 quaestionem
668 2282 974 2347 adducere3
1007 2300 1136 2337 cum
1171 2298 1239 2335 ex
1272 2284 1533 2335 contextu
1557 2283 1738 2352 pateat
1770 2297 1899 2335 eum
1930 2279 2085 2353 loqui
2117 2279 2183 2336 de

262 2382 459 2437 litibus
492 2388 545 2437 et
576 2380 934 2455 processibus
973 2377 1356 2453 possessiones
1390 2376 1727 2451 temporales
1770 2377 2176 2452 spectantibus.

264 2478 407 2550 Ergo
430 2483 482 2532 et
507 2480 731 2532 sanctus
761 2474 1075 2531 Bernardus
1105 2491 1302 2529 eorum
1323 2472 1600 2546 judicium
1621 2474 1779 2548 Papae
1824 2475 2023 2531 tribuit
2050 2494 2179 2532 cum

264 2574 611 2632 restrictione
627 2577 715 2631 ubi
731 2576 1015 2630 necessitas
1038 2575 1217 2645 eoeiyit.
1237 2572 1303 2639 Et
1323 2572 1473 2646 quod
1498 2572 1666 2629 addat
1696 2575 2008 2642 incidenter,
2030 2575 2179 2631 idem

254 2679 339 2730 est
358 2691 421 2730 ac
449 2673 498 2729 si
518 2674 750 2731 dixisset
772 2674 1216 2730 eoetraordinarte.
1236 2672 1509 2728 Caeterum
1527 2672 1907 2747 interpretatio
1924 2674 2074 2730 vocis
2102 2677 2181 2730 in-

259 2774 496 2829 cidenter
517 2791 547 2828 a
570 2773 858 2829 Bossuetio
881 2771 1208 2846 excogitata,
1234 2771 1368 2827 adeo
1394 2770 1602 2827 absona
1620 2772 1736 2828 visa
1753 2777 1837 2828 est
1854 2772 2180 2829 doctissimo

253 2872 505 2940 Bianchi‚
541 2878 604 2929 ut
633 2890 756 2929 eam
796 2873 874 2928 sic
905 2870 1297 2947 perstrinxerit
1338 2892 1348 2923 ε
1398 2871 1514 2942 qui
1554 2874 1731 2944 spieyo
1766 2874 1821 2927 in
1864 2876 2179 2930 sentimento

256 2975 744 3047 stravayantissimo
767 2973 815 3028 le
843 2972 1032 3047 parole
1053 2972 1106 3026 di
1130 2989 1228 3026 san
1255 2970 1557 3025 BernardO.
1600 2971 1772 3043 (Della
1792 2977 2005 3045 potesta
2040 2972 2181 3028 della

258 3074 466 3145 Chiesa,
496 3079 536 3129 t.
571 3074 712 3148 11,p.
739 3073 871 3139 524,
903 3072 1036 3128 edit.
1062 3071 1249 3127 Romae
1277 3071 1470 3144 1745.)

327 3173 522 3228 TExTUs
544 3172 612 3227 ΙΙ.
641 3206 702 3213 -
718 3194 743 3225 «
762 3170 905 3237 Quid
924 3176 987 3226 tu
1007 3169 1188 3225 denuo
1206 3186 1483 3243 usurpare
1501 3168 1753 3241 gladium
1776 3174 1975 3237 tentes,
2008 3188 2178 3244 quem

253 3271 428 3329 semel
464 3271 659 3346 jussus
703 3289 762 3328 es
801 3287 1010 3345 ponere
1041 3268 1099 3324 in
1126 3268 1417 3342 vaginam?
1443 3266 1620 3331 Quem
1650 3272 1841 3324 tamen
1877 3270 1975 3343 qui
2015 3275 2179 3327 tuum

254 3377 441 3446 negat,
470 3390 584 3428 non
607 3371 742 3428 satis
768 3370 908 3426 mihi
936 3369 1161 3425 videtur
1178 3367 1465 3424 attendere
1484 3367 1721 3423 verbum
1745 3368 1965 3425 Domini
1994 3369 2178 3426 dicen-

256 3473 329 3530 tis
349 3472 431 3530 sic
452 3494 464 3527 ε
498 3473 766 3530 Converte
788 3469 1038 3547 gladium
1056 3475 1221 3526 tuum
1246 3467 1306 3523 in
1323 3466 1605 3541 vaginam.
1629 3468 1778 3524 Tuus
1801 3487 1932 3543 ergo
1950 3477 2003 3527 et
2029 3471 2173 3546 ipse3

252 3581 353 3630 tuo
377 3571 612 3628 forsitan
643 3577 812 3642 nutu,
847 3569 952 3627 etsi
977 3586 1090 3624 non
1123 3572 1219 3623 tua
1258 3584 1430 3621 manu
1472 3565 1874 3639 evaginandus,
1915 3568 2176 3642 Alioquin

231 3651 303 3728 *si
334 3671 495 3728 nullo
523 3671 686 3728 modo
705 3669 772 3727 ad
797 3675 852 3727 te
879 3669 1180 3745 pertineret
1207 3673 1258 3723 et
1292 3666 1363 3731 is,
1395 3665 1711 3723 dicentibus
1738 3668 2020 3742 apostolis,
2051 3686 2178 3725 ecce

267 3771 438 3846 gladii
469 3770 579 3829 duo
611 3770 724 3839 hic,
766 3789 879 3828 non
910 3767 1289 3845 respondisset
1322 3764 1612 3834 DominUS,
1646 3766 1782 3823 satis
1809 3773 1911 3834 est,
1940 3766 2058 3837 sed,
2090 3766 2177 3822 ni-
