2340 3990
783 1063 1140 1161 sEcrlo
1216 1064 1355 1139 v11

418 1272 702 1334 QUALIS
738 1271 862 1320 SIT
898 1270 1282 1319 Eccnnsm
1318 1269 1713 1318 POTESTAS

228 1366 310 1415 m
355 1367 523 1414 REM
569 1367 1119 1415 TEMPORALEM
1164 1367 1560 1424 STATUUM,
1606 1366 1685 1413 m
1729 1364 1902 1423 EST,

541 1464 989 1512 nlnECTANE:
1027 1463 1134 1511 AN
1172 1464 1594 1511 mmREC'rA

197 1733 622 1789 Praecedentium
654 1732 957 1788 sectionum
1001 1751 1198 1806 scopus
1231 1733 1337 1787 suit
1365 1725 1616 1789 Ecclesiae
1657 1751 1717 1788 ac
1756 1734 1999 1790 Romano

123 1831 363 1887 Pontilici
402 1832 682 1887 vindicare
714 1848 897 1885 veram
932 1830 989 1884 in
1016 1848 1131 1884 rem
1168 1831 1523 1902 temporalem
1553 1835 1793 1884 statuum
1821 1839 1998 1903 poles-

122 1934 306 1987 tatcm;
339 1948 439 2001 qua
467 1946 618 2000 reges
648 1927 811 1982 eliam
836 1927 959 1998 jure
987 1926 1185 1999 deponi
1213 1926 1419 1999 possint
1450 1927 1597 1998 justa
1632 1927 1699 1982 de
1724 1945 1910 1992 causa,
1943 1927 1997 1981 id

121 2031 220 2089 est,
258 2026 302 2080 si
342 2025 504 2080 finem
545 2024 793 2079 Ecclesize
830 2023 1115 2097 proprium
1153 2023 1472 2096 impediant.
1519 2023 1698 2096 Neque
1751 2024 1805 2078 id
1846 2042 1995 2079 mera

122 2124 324 2197 opinio·
349 2130 447 2190 est,
481 2123 575 2178 sed
611 2122 854 2177 doctrina
883 2128 1050 2186 certa,
1087 2122 1313 2176 omnino
1355 2121 1606 2185 tenenda,
1651 2127 1704 2176 et
1737 2140 1858 2194 quae
1885 2122 2002 2176 sine

120 2222 443 2286 temeritate,
467 2220 731 2293 quidquid
757 2221 811 2274 in
836 2219 1174 2275 contrarium
1197 2220 1448 2292 gallicani
1473 2219 1842 2274 recentiorum
1863 2226 2000 2275 tem-

118 2339 315 2394 porum
368 2320 599 2392 theologi
649 2319 921 2383 effutiant,
959 2319 1144 2391 negari
1179 2338 1286 2374 non
1321 2325 1514 2392 potest.
1546 2321 1636 2375 Ast
1665 2319 1719 2373 in
1749 2321 2001 2393 praesenti

119 2417 433 2489 quaestione,
456 2418 621 2488 queatis
639 2419 707 2471 sit
726 2416 868 2472 dicta
896 2420 1150 2489 potestas,
1181 2434 1247 2470 an
1269 2416 1496 2479 scilicet,
1521 2422 1574 2471 et
1591 2435 1700 2489 quo
1721 2435 1887 2472 sensu
1911 2437 2000 2473 vo-

121 2515 231 2569 cari
258 2514 449 2570 debeat
477 2516 671 2569 directa
700 2515 785 2569 vel
806 2515 1078 2581 indirecta,
1109 2515 1312 2569 dantur
1337 2515 1498 2570 variae
1525 2516 1834 2588 opiniones,
1865 2535 2003 2588 quas

120 2611 307 2666 liberae
334 2612 646 2667 scholarum
679 2612 1033 2685 disputationi
1060 2612 1294 2667 Ecclesia
1332 2613 1619 2684 hucusque
1656 2614 1903 2685 reliquit.
1934 2615 2003 2668 De

122 2707 190 2762 iis
215 2726 361 2764 nunc
388 2708 624 2788 breviter
650 2710 1058 2764 disserendum.

122 2875 203 2926 51.
227 2899 273 2907 -
303 2878 357 2917 Dc
387 2878 523 2929 prima
547 2878 765 2927 sententia,
800 2891 893 2931 quae
918 2880 1121 2919 directam
1153 2879 1345 2921 Ecclesiae
1374 2881 1521 2920 tribuit.
1548 2886 1796 2932 potestatem
1835 2883 1875 2922 in
1908 2894 1997 2923 rem

817 2948 1087 2997 temporalem
1106 2951 1307 2986 statuum.

197 3069 236 3123 Ι.
271 3069 582 3142 Εωροηὶτιιν.
612 3070 860 3125 —Illam
898 3069 1163 3126 describit
1202 3071 1396 3127 Suarez
1444 3073 1542 3127 hoc
1581 3074 1743 3128 modo
1775 3094 1786 3127 ε
1829 3076 2001 3130 «Fuit

123 3163 305 3238 itaque
346 3167 711 3238 quorumdam
749 3167 1168 3237 catholicorum,
1209 3169 1514 3241 praesertim
1543 3170 1999 3244 jurisperitorum

124 3262 461 3319 sententia...
494 3266 548 3318 in
586 3264 841 3320 universa
871 3264 1107 3320 Ecclesia
1135 3266 1401 3322 catholica
1437 3287 1612 3323 unum
1640 3275 1854 3324 tantum
1882 3286 2000 3324 esse

124 3373 444 3431 supremum
486 3361 791 3440 pr·incipem
833 3364 1214 3436 temporalem,
1266 3366 1556 3421 habentem
1599 3384 1695 3438 per
1738 3383 1795 3419 se
1835 3369 1888 3417 et
1921 3363 1999 3416 di-

124 3458 269 3506 recte
295 3471 607 3525 suprcmam
638 3462 955 3527 potestatem
989 3459 1203 3514 civilem
1241 3460 1296 3514 in
1326 3462 1642 3516 universam
1678 3458 1995 3521 Ecclesiam,

125 3563 362 3618 eumque
387 3567 807 3617 esse‚summum
824 3554 1142 3611 Pontilicem
1161 3575 1224 3611 ex
1242 3557 1438 3610 Christi
1461 3555 1828 3610 institutione.
1850 3554 1999 3609 Unde

125 3651 516 3715 consequenter
544 3646 833 3719 collegere,
867 3650 1078 3706 nullam
1106 3637 1531 3725 remffixblicam,
1565 3651 1784 3706 nullum
1811 3668 1994 3722 regem
