2340 3990
1044 959 1452 1039 SECTIO
1526 962 1641 1041 VI

500 1211 1001 1264 ARGUMENTA
1037 1211 1088 1260 Ε
1126 1212 1615 1264 RATxomBus
1654 1213 2182 1264 Tnzonoelcls

454 1492 612 1547 Ratio
637 1491 947 1565 theologica
973 1490 1182 1547 dicitur
1214 1492 1500 1548 conclusio
1524 1491 1775 1565 legitime
1802 1492 2041 1565 deducta
2084 1511 2114 1549 e
2142 1493 2294 1568 prin-

379 1592 564 1668 cipiis,
603 1611 845 1667 quorum
887 1593 993 1648 alia
1038 1598 1192 1648 certa
1235 1599 1366 1649 sunt
1406 1612 1471 1651 ex
1495 1594 1618 1650 'fide
1654 1611 1751 1650 seu
1789 1594 2151 1666 revelatione,
2193 1594 2296 1652 alia

380 1689 668 1747 evidenter
696 1708 825 1747 vera
853 1690 1266 1766 percipiuntur.

1175 1998 1431 2062 CAPUT
1483 2001 1508 2061 I

586 2178 1026 2215 ARGUMENTUM
1051 2178 1137 2214 Ex
1161 2178 1523 2230 lenumsolJE
1549 2178 1915 2216 socln'lwns
1939 2181 2101 2216 FINE.

459 2342 514 2397 1ο
555 2341 846 2398 Notionem
892 2340 1303 2417 praemittemus
1343 2340 1411 2395 de
1456 2339 1663 2415 triplici
1712 2343 1992 2410 societate,
2045 2344 2300 2417 religiosa

381 2460 605 2516 nempe,
640 2441 946 2498 domestica
974 2446 1027 2497 et
1055 2438 1228 2505 civili,
1259 2439 1327 2496 de
1364 2440 1591 2514 proprio
1623 2441 2078 2516 uniuscujusque
2115 2443 2226 2499 fine
2252 2449 2305 2500 et¹

380 2541 715 2597 eorumdem
743 2538 1468 2596 finiumsubordinatione.
1508 2539 1562 2594 2⁰
1607 2539 1997 2615 Expendemus
2045 2542 2301 2616 quaestio-

382 2658 513 2696 nem
542 2641 609 2696 de
636 2640 910 2714 possibili,
940 2638 1197 2695 videlicet
1227 2657 1298 2693 an
1330 2638 1574 2713 poluerit
1606 2638 1749 2696 Deus
1788 2641 2174 2697 ecclesiasticae
2211 2660 2302 2716 po-

381 2740 569 2797 testati
602 2741 697 2814 jus
724 2740 782 2796 in
813 2757 932 2796 rem
963 2739 1365 2814 temporalium
1395 2739 1724 2795 societatum
1755 2741 2004 2798 civilium
2030 2743 2296 2798 tribuere.

384 2840 441 2896 5⁰
480 2839 770 2896 Solvemus
818 2839 1187 2914 quaestionem
1222 2839 1375 2910 sacti,
1422 2839 1694 2896 nimirum
1731 2859 1801 2896 an
1838 2841 1906 2897 de
1942 2841 2085 2898 facto
2129 2842 2302 2899 eccle-

387 2939 610 2997 siastica
636 2947 884 3016 potestas
908 2940 1077 2997 hocce
1103 2939 1233 3013 jure
1260 2938 1461 2995 donata
1488 2939 1579 2997 sit.

385 3148 409 3210 g
437 3149 475 3193 1,
494 3171 548 3186 -ψ-
564 3148 623 3196 De
651 3148 864 3195 societatis
886 3148 1114 3201 religiosae,
1144 3147 1388 3188 domesticae
1410 3159 1456 3188 ac
1477 3146 1591 3188 civili
1611 3147 1784 3201 proprio
1808 3147 1906 3196 fine,
1933 3151 1973 3187 et
1992 3147 2041 3188 de
2060 3147 2302 3190 eorumdem

1084 3214 1238 3262 finium
1256 3215 1616 3258 subordiiiatione.

461 3359 751 3414 Pnoposmo
791 3357 851 3412 1³.
896 3389 965 3397 —
1000 3356 1120 3415 Non
1162 3356 1338 3428 potuit
1377 3354 1537 3420 Deus,
1584 3351 1815 3410 homines
1859 3353 2105 3425 creanda,
2147 3352 2302 3410 alium

389 3462 549 3534 finem
585 3457 827 3512 ultimum
854 3457 951 3511 sibi
979 3473 1300 3529 proponere,
1333 3473 1488 3528 qaam
1511 3455 1740 3530 seipsum
1769 3461 2020 3528 tanquam
2046 3468 2301 3509 summum

390 3561 584 3616 bonum
623 3556 1002 3629 attinqendam‚
1041 3573 1140 3628 per
1164 3557 1569 3629 uniuscujusque
1600 3558 1820 3611 hominis
1855 3563 2108 3611 aeternum
2136 3553 2302 3624 εορηὶε

319 3665 323 3669 ’
393 3661 549 3715 tionis
570 3666 621 3714 et
651 3657 845 3714 amoris
873 3662 1062 3710 aetum.
1085 3647 1310 3708 ss-—Nam
1340 3655 1467 3710 finis
1493 3655 1706 3709 ultimus
1733 3659 1961 3728 propter
1985 3672 2152 3727 quem
2177 3648 2300 3724 quis

393 3759 525 3833 agit,
556 3763 638 3814 est
664 3756 805 3812 illud
833 3756 1043 3811 bonum
1073 3754 1216 3827 quod
1256 3753 1462 3828 appetit
1491 3772 1656 3829 supra
1687 3754 1951 3828 quaelihet
1988 3753 2094 3807 alia
2134 3751 2295 3813 hona,
