2340 3990
855 297 982 343 PARS
1011 296 1224 344 OCTAVA.
1902 299 1989 347 429

106 401 438 461 intenderint
463 402 645 457 Patres
671 408 944 459 assertum
981 401 1252 477 ejusmodi
1289 406 1551 475 tanquam
1586 400 1891 459 articulum
1917 406 1986 462 ab

103 497 363 556 omnibus
403 498 741 554 credendum
781 497 1029 555 delinire.
1074 500 1153 556 Sit
1193 499 1250 554 in
1293 498 1609 572 exemplum
1658 503 1841 556 textus
1881 500 1983 558 iste

102 594 317 653 concilii
346 595 669 652 oecumenici
710 595 1091 663 Laterancnsis
1122 597 1320 670 quinti,
1363 596 1607 653 sessione
1635 597 1928 656 undecima
1968 621 1983 654 ε

105 691 340 748 «Solum
382 692 695 752 Romanum
712 695 1062 760 Pontificem,
1099 704 1344 768 tanquam
1376 713 1534 767 super
1561 697 1737 750 omnia
1768 698 1985 754 concilia

100 790 459 843 auctoritatem
500 789 789 858 habentem,
833 789 1199 846 conciliorum
1254 789 1700 854 indicendorum,
1748 792 1987 849 transfe-

98 886 396 941 rendorum
423 903 485 942 ac
525 885 1004 943 dissolvendorum
1043 888 1268 961 plenum
1299 888 1392 960 jus
1427 894 1478 943 et
1511 893 1834 961 potestatem
1876 890 1983 945 ha-

95 984 246 1048 here,
282 984 483 1039 nedum
514 1002 578 1040 ex
597 1002 763 1040 sacrae
787 986 1080 1060 Scripturae
1104 986 1441 1051 testimonio,
1474 985 1636 1041 dictis
1660 991 1979 1042 sanctorum

93 1079 315 1135 Patrum
344 1099 406 1136 ac
433 1081 806 1139 Romanorum
832 1083 1179 1148 Pontificum,
1205 1083 1298 1139 sed
1322 1084 1545 1156 propria
1572 1082 1736 1138 etiam
1760 1101 1983 1139 eorum-

96 1175 219 1232 dem
265 1179 626 1233 conciliorum
670 1177 1016 1232 confessione
1056 1177 1342 1230 manifeste
1385 1182 1670 1232 constat.»
1713 1177 1766 1232 Si
1809 1178 1974 1233 verba

92 1273 228 1339 haec,
259 1284 504 1345 tanquam
539 1290 694 1344 super
725 1273 898 1326 omnia
926 1271 1143 1325 concilia
1172 1273 1534 1326 anctoritatem
1569 1274 1859 1337 habentem,
1890 1291 1979 1330 es-

92 1375 213 1425 sent
247 1370 488 1424 definitio
523 1368 670 1431 fidei,
700 1367 994 1422 dicendum
1021 1367 1158 1421 foret
1195 1367 1494 1438 gallicanos
1532 1369 1833 1440 theologos,
1876 1371 1972 1443 qui

92 1464 332 1520 secundo
366 1480 395 1518 e
418 1467 651 1534 quatuor
673 1461 918 1518 articulis
943 1462 1076 1517 anni
1106 1460 1248 1516 1682
1277 1461 1580 1529 adhaerent,
1613 1481 1722 1519 non
1751 1470 1973 1521 tantum

92 1561 393 1616 enormiter
417 1578 622 1626 errare,
652 1562 747 1617 sed
774 1577 890 1616 esse
914 1559 1218 1614 formaliter
1242 1559 1547 1616 haereticos,
1570 1560 1634 1614 At
1655 1561 1783 1633 quia
1804 1562 1971 1619 verba

90 1656 193 1712 ista
217 1675 326 1713 non
344 1657 688 1730 ponuntiavit
702 1657 994 1713 concilium
1017 1657 1123 1711 nisi
1145 1656 1451 1725 incidenter,
1468 1656 1703 1713 dubium
1724 1667 1971 1717 remanet

89 1773 160 1810 an
200 1755 312 1810 sint
337 1756 557 1829 proprio
594 1756 737 1812 dicta
782 1756 907 1812 fidei
935 1755 1211 1813 definitio„
1238 1755 1427 1811 Stante
1454 1761 1638 1811 autem
1674 1758 1777 1813 hoc
1803 1758 1971 1815 dubio

87 1847 392 1909 formaliter
427 1854 666 1910 haeretici
710 1872 817 1909 non
852 1861 980 1910 sunt
1022 1870 1188 1926 supra
1230 1852 1362 1908 dicti
1403 1853 1663 1926 theologi.
1708 1855 1969 1912 Excusari

86 1953 269 2003 tamen
304 1966 412 2003 non
438 1954 673 2021 possunt
696 1966 726 2003 a
753 1951 1059 2012 temeritate,
1094 1953 1153 2002 ut
1184 1947 1259 2002 ait
1286 1947 1673 2014 BellarminuS,
1709 1967 1871 2021 agens
1902 1952 1969 2008 de

85 2047 356 2118 theologis
385 2047 582 2119 Papam
615 2046 848 2102 concilio
880 2046 1105 2102 subesse
1132 2045 1614 2102 contendentibus
1651 2047 1752 2102 Sed
1787 2066 1970 2122 neque

85 2157 116 2195 a
133 2149 343 2211 peccato
365 2143 508 2211 qravi
533 2140 782 2209 excusari
808 2146 1056 2212 possunt,
1086 2139 1194 2194 nisi
1222 2157 1284 2194 ox
1315 2140 1455 2195 bona
1475 2140 1603 2206 fide;
1631 2159 1752 2213 quae
1770 2141 1961 2198 adesse

85 2237 308 2310 quidem
334 2236 392 2292 in
414 2238 691 2311 aliquibus
711 2243 906 2312 potest,
934 2238 1002 2292 ob
1031 2237 1311 2293 imbibitos
1341 2255 1368 2292 a
1396 2237 1601 2292 teneris
1629 2256 1869 2295 errores,

79 2436 161 2491 54,
186 2461 236 2468 -
262 2439 323 2483 An
353 2443 391 2477 et
429 2443 633 2490 quatenus
666 2438 910 2490 requiratur
948 2439 1120 2478 Patrum
1162 2437 1328 2478 concilii
1367 2437 1587 2488 diligentia
1630 2438 1672 2478 in
1708 2439 1961 2491 exquirenda

156 2501 345 2551 veritate,
363 2503 412 2542 ad
429 2503 506 2542 hoc
529 2507 737 2542 uteorum
758 2502 943 2542 definitio
960 2501 1014 2542 sit
1038 2501 1277 2541 infallibilis
1294 2506 1335 2542 et
1359 2502 1410 2541 ad
1428 2502 1683 2542 credendum
1707 2503 1883 2553 obliget.

150 2622 427 2677 Pnoposmo
452 2623 595 2676 I².—
617 2622 908 2678 Communis
934 2622 1136 2676 videtur
1162 2622 1527 2676 catholicorum
1559 2623 1828 2676 doctorum
1853 2640 1965 2677 sen·

0 2701 7 2707 .
77 2722 260 2785 tentia,
290 2722 670 2793 praerequirens
712 2719 1051 2790 diliyentiam,
1091 2725 1148 2772 ut
1185 2721 1291 2773 sive
1335 2719 1501 2790 Papa,
1542 2721 1649 2772 sive
1685 2719 1955 2772 concilium

78 2819 437 2872 oecumenicnm
471 2816 813 2887 infallibiliter
843 2815 1166 2885 desiniat.'—
1186 2815 1388 2869 Saltem
1430 2832 1567 2886 quos
1606 2831 1705 2885 ego
1751 2813 1959 2886 perlegi

75 2918 323 2967 auctores
360 2910 418 2964 in
462 2911 563 2964 hoc
602 2909 960 2977 conveniunt3
994 2913 1046 2963 et
1090 2925 1159 2962 an
1198 2908 1456 2962 nonnulli
1501 2907 1845 2963 contrarium
1882 2913 1967 2964 te-

75 3008 323 3076 nuerint,
352 3008 563 3079 ignoro,
597 3007 769 3078 Hujus
798 3011 981 3061 autem
1013 3005 1410 3061 communioris
1448 3005 1732 3061 sententiae
1767 3005 1967 3079 praeci-

76 3123 182 3180 pua
216 3106 354 3161 ratio
392 3112 493 3173 est,
532 3103 678 3176 quod
714 3121 894 3176 neque
927 3102 1183 3168 concili0,
1225 3120 1403 3175 neque
1431 3103 1675 3157 Romano
1713 3102 1960 3158 Pontifici

76 3204 347 3277 promissa
383 3203 453 3256 sit
487 3204 781 3274 inspiratio,
831 3200 1051 3274 qualem
1093 3201 1406 3256 habuerunt
1445 3200 1742 3273 Scripturae
1788 3216 1960 3254 sacrae

74 3306 345 3371 auctoreS,
394 3299 491 3355 sed
533 3300 810 3354 dumtaxat
859 3300 1179 3367 assistentia,
1225 3315 1347 3370 quae
1390 3296 1650 3370 supponit
1680 3312 1819 3380 'eum
1873 3295 1964 3349 cui

76 3394 238 3453 datur
262 3391 441 3452 facere
462 3394 609 3467 quod
633 3395 688 3450 in
711 3413 768 3451 se
793 3401 894 3452 est.
918 3395 990 3451 De
1015 3415 1125 3469 quo
1155 3395 1234 3451 sic
1263 3394 1524 3450 Melchior
1550 3393 1729 3448 Canus
1765 3413 1775 3446 :
1812 3412 1839 3443 «
1860 3392 1969 3447 Du·

74 3495 198 3568 plex
222 3494 370 3550 enim
397 3493 695 3549 discrimen
715 3493 860 3549 inter
883 3510 1067 3548 sacros
1091 3499 1356 3557 auctoreS,
1388 3497 1440 3547 et
1461 3504 1748 3548 summum
1773 3487 1964 3543 Ponti·
2040 3500 2050 3503 ²

76 3606 194 3646 cem
220 3596 508 3665 patresque
542 3588 760 3646 concilii
786 3589 1084 3663 reperitur.
1115 3589 1314 3658 Unum,
1353 3587 1498 3661 quod
1533 3591 1784 3642 auctores
1818 3584 1962 3640 sacri
