2352 4126
210 400 252 431 1v
1010 377 1305 428 PROOEMIUM.

210 535 326 578 nus
371 516 643 578 Pontifex
676 524 965 600 quatenus
1000 510 1305 575 distinctus
1340 529 1380 572 a
1411 507 1644 592 reliquo
1684 505 1951 570 Ecclesiae
1984 528 2110 570 cor—

199 643 366 706 pore.
398 624 468 685 Et
494 625 627 686 haec
654 633 745 686 est
767 620 1115 685 communis
1144 638 1214 681 ac
1251 618 1508 681 omnino
1544 615 1814 680 tenenda
1860 615 2114 678 catholi-

206 749 424 792 corum
458 731 756 792 doctrina.
1635 716 1653 729 “

285 838 609 898 PRoposrno
641 835 712 898 ΙΙ.
751 873 835 882 -
871 836 1097 918 Corpus
1136 833 1582 917 Episcoporum,
1633 842 1919 915 quatenus
1961 848 2112 892 com-

197 942 444 1027 plectens
483 952 654 1025 caput
687 962 859 1004 suum
897 942 1233 1004 Romanum
1277 939 1646 1023 Pontificem,
1695 947 1774 1001 est
1816 935 2109 1019 infallibi-

200 1045 385 1109 litatis
409 1045 745 1129 subjeetum.
780 1083 865 1092 —
891 1045 1139 1110 Quando
1164 1063 1387 1125 nempe
1419 1044 1737 1106 communi
1761 1043 1998 1124 judicio
2034 1042 2110 1103 de

195 1151 318 1213 fide
366 1151 776 1232 pronuntiant
813 1150 1125 1212 Romanus
1168 1148 1506 1231 Episcopus
1561 1156 1622 1210 et
1668 1148 1789 1209 alia
1832 1147 2104 1227 corporis

198 1260 563 1342 episcopalis
607 1259 906 1336 membra,
944 1258 1103 1319 illud
1136 1277 1437 1319 commune
1452 1255 1758 1340 judicium
1794 1264 1889 1317 est
1924 1253 2106 1315 infal-

196 1367 392 1429 libile.
423 1366 569 1428 Nam
594 1366 649 1427 1ο
674 1365 777 1427 illa
800 1367 989 1429 totius
1009 1364 1373 1446 episcopalis
1397 1364 1671 1445 corporis
1697 1359 2107 1423 infallibilitas

198 1494 268 1535 ex
298 1474 745 1536 infallibilitate
773 1474 992 1555 capitis
1017 1474 1356 1534 necessario
1388 1472 1695 1553 sequitur.
1732 1468 2103 1551 Supponun-

197 1588 301 1641 tur
337 1581 569 1662 quippe
602 1581 807 1641 caeteri
835 1578 1117 1661 Episcopi
1145 1579 1359 1640 eodem
1389 1578 1571 1639 modo
1589 1575 1869 1657 judicare
1899 1593 1969 1635 ac
1994 1574 2104 1634 Ro-

194 1705 418 1747 manus
455 1685 757 1747 Pontifex.
797 1685 952 1746 Cum
989 1704 1129 1765 ergo
1160 1685 1467 1764 judicium
1499 1683 1753 1744 Romani
1783 1679 2099 1744 Pontificis

196 1791 299 1872 (ex
340 1793 756 1873 propositione
793 1791 1026 1873 prima)
1071 1791 1153 1852 sit
1195 1790 1526 1852 infallibile
1550 1840 1566 1867 ,
1604 1809 1933 1850 erroneum
1969 1806 2102 1849 esse

192 1899 411 1978 nequit
436 1899 584 1959 dum
603 1898 679 1958 ab
701 1897 837 1959 aliis
856 1898 1044 1959 etiam
1071 1896 1378 1979 Episcopis
1404 1896 1560 1957 illud
1590 1897 1756 1956 idem
1782 1896 2097 1976 judicium

187 2003 641 2081 pronuntiatur.
682 2040 766 2048 —-
796 2001 855 2061 2⁰
887 2003 1143 2084 Ipsimet
1179 2003 1417 2083 corpori
1450 2002 1913 2083 Episcoporum,
1945 2019 2104 2081 qua-

187 2115 370 2169 tenus
403 2117 588 2189 caput
621 2108 1082 2189 complectenti,
1127 2108 1393 2170 contulit
1429 2107 1709 2169 Christus
1754 2106 2103 2167 infallibili-

186 2221 397 2277 tatem.
428 2214 589 2275 Dixit
618 2216 787 2275 enim
818 2214 1144 2295 ApostoliS,
1185 2221 1386 2274 stante
1420 2233 1562 2275 cum
1593 2213 1743 2293 ipsis
1776 2212 2099 2293 apostolici

182 2320 426 2402 collegii
455 2322 652 2401 capite
668 2321 865 2396 Petr0‚
898 2319 1199 2401 Quidquid
1226 2317 1629 2402 liqdveritiS...
1665 2318 1953 2402 quidquid
1976 2317 2064 2379 sol
2075 2355 2100 2364 -

183 2425 466 2487 veritiS...
518 2426 589 2487 Et
626 2446 839 2488 rursus
872 2449 886 2487 ε
919 2427 1136 2487 Euntes
1185 2425 1449 2489 docete...
1498 2428 1600 2508 qui
1631 2446 1750 2487 non
1782 2424 2095 2487 crediderit

118 2597 127 2607 ‚
182 2531 679 2595 condemnabitur.
755 2533 1003 2614 Corpori
1063 2533 1503 2615 Episcoporum
1578 2532 2092 2595 infallibilitatem

181 2640 362 2701 verba
383 2641 516 2701 haec
532 2642 873 2716 vindicant,
903 2642 1240 2703 dummodo
1265 2650 1475 2703 tamen
1507 2641 1825 2703 communi
1856 2640 2092 2720 judicio

183 2754 313 2808 tum
348 2756 531 2828 caput
556 2757 689 2809 tum
715 2748 834 2809 alia
860 2748 1047 2827 hujus
1080 2748 1354 2828 corporis
1380 2748 1661 2809 membra
1694 2745 1870 2828 liqent
1896 2754 1958 2806 et
1981 2744 2094 2806 sol-

179 2862 345 2931 vant,
389 2865 470 2929 et,
520 2854 803 2916 eamdem
837 2873 978 2915 cum
1013 2855 1209 2935 capite
1234 2854 1405 2936 fidem
1431 2845 1691 2916 doceant.
1726 2852 1883 2914 Nam
1918 2851 2098 2933 Apos-

182 2961 323 3021 tolis
367 2968 675 3042 quatenus
720 2979 753 3020 a
787 2961 962 3022 Petro
1000 2963 1334 3043 sejunctis,
1374 2983 1489 3025 nec
1521 2985 1632 3045 per
1661 2967 1848 3031 citata
1879 2971 2090 3046 verba,

182 3087 295 3129 nec
320 3087 429 3148 per
451 3068 653 3128 ullum
677 3069 871 3130 alium
892 3087 1082 3129 sacrae
1103 3068 1431 3151 Scripturae
1451 3079 1704 3147 textum,
1735 3075 2095 3137 inerrantiae

181 3177 648 3259 praerogativam
690 3168 967 3238 Christus
1003 3179 1291 3241 contulit.
1327 3177 1522 3259 Igitur
1550 3182 1791 3262 corpori
1827 3201 1933 3244 seu
1973 3182 2095 3243 col-

180 3283 339 3364 legio
356 3281 822 3364 Episcoporum,
843 3290 1154 3364 quatenus
1177 3293 1358 3365 caput
1371 3285 1826 3367 complectenti,
1845 3295 1905 3348 et
1925 3287 2090 3349 idem

180 3407 321 3449 cum
349 3388 555 3469 'capite
583 3388 894 3468 judicium
928 3389 1003 3450 de
1034 3387 1156 3450 fide
1197 3391 1648 3470 pronuntianti,
1688 3392 1954 3452 contulit
1999 3412 2092 3453 re-

175 3514 319 3556 vera
341 3494 618 3556 Christus
637 3496 995 3557 inerrantiae
1015 3500 1481 3579 praerogativam
1499 3535 1584 3544 -
1604 3497 1661 3558 5⁰
1688 3497 1853 3561 Quod
1879 3508 2089 3561 autem

177 3600 340 3662 dicta
389 3601 837 3681 infallibilitas,
883 3604 1125 3683 corpori
1174 3603 1619 3686 Episcoporum
1657 3614 2032 3686 competens
2059 3653 2077 3681 ,

180 3727 303 3769 non
327 3707 662 3771 immediate
679 3729 712 3771 a
739 3707 1005 3787 Christo,
1030 3710 1137 3771 sed
1161 3711 1456 3774 mediante
1478 3712 1653 3794 Papa
1677 3712 1972 3789 dimanet,
2000 3711 2089 3772 vi-
