2340 3990
779 384 905 432 PARS
933 384 1154 438 QUARTA.
1810 387 1892 433 291

28 486 195 570 judex
217 493 274 550 in
294 493 510 570 propria
533 507 717 550 causa.
742 491 871 556 Quae
891 490 1015 548 duae
1034 490 1275 548 rationes
1305 489 1437 547 satis
1464 490 1580 565 jam
1605 490 1900 549 confutatae

32 595 180 648 sunt.

106 687 388 743 Pnoposmo
426 687 529 742 Vlt.
553 717 629 727 —
648 685 706 741 Si
745 684 886 740 Deus
925 686 1102 740 ambas
1139 693 1425 758 potestates
1463 687 1718 761 praedicto
1747 688 1900 743 modo

30 785 354 851 instituisset,
400 790 699 856 sequeretur
747 781 1100 852 civilem-esse
1155 786 1218 839 ab
1264 786 1614 842 ecclesiastica
1658 787 1903 861 indepen-

30 882 234 938 dentem
256 882 426 955 quoad
443 882 713 951 oriyinem,
743 898 848 935 nou
875 882 1044 952 quoad
1066 883 1568 939 subordinationem.
1584 916 1659 925 —
1675 886 1729 940 1⁰
1751 884 1906 940 Esset

31 978 400 1054 independens
427 980 596 1052 quoad
632 981 1068 1052 oriqinemssuam.
1101 982 1220 1037 Non
1245 980 1393 1038 enim
1431 982 1681 1039 instituta
1714 982 1906 1040 fuisset

0 1104 1 1137 2
31 1074 99 1131 ab
129 1074 384 1143 Ecclesia,
422 1076 516 1131 sed
549 1075 867 1132 immediate
905 1094 935 1131 a
963 1076 1087 1132 Deo.
1126 1077 1182 1130 2⁰
1222 1077 1400 1133 Simul
1430 1083 1615 1134 tamen
1643 1084 1788 1135 esset
1811 1079 1906 1136 Ec-

0 1151 205 1230 ssclesiae
243 1178 390 1230 certo
428 1173 589 1228 modo
625 1174 984 1228 subordinata.
1021 1173 1155 1228 Nam
1205 1173 1455 1231 instituta
1495 1175 1696 1231 fuisset
1733 1195 1764 1231 a
1801 1176 1905 1232 Deo

32 1277 287 1343 tanquam
330 1269 571 1324 medium
605 1269 672 1324 ad
707 1269 872 1324 finem
905 1269 1152 1325 Ecclesiae
1189 1271 1502 1344 proprium,
1550 1278 1604 1327 et
1646 1272 1748 1327 hoc
1783 1272 1903 1346 ipso

3 1366 5 1402 ³
35 1367 160 1424 huic
172 1365 421 1422 Ecclesiae
439 1366 535 1421 fini
556 1366 750 1422 fuisset
768 1367 1144 1423 subordinata.
1171 1369 1304 1424 Item
1325 1367 1679 1425 subordinata
1707 1369 1905 1426 suisset

34 1462 88 1520 in
110 1462 350 1519 materiis
377 1463 581 1532 mixtiS,
611 1463 738 1517 etin
763 1463 972 1536 judicio
998 1482 1067 1518 an
1093 1466 1320 1520 materia
1345 1466 1415 1521 sit
1444 1465 1637 1521 mixta.
1672 1530 1677 1534 ἡ

0 1544 1 1557 ¹
102 1560 364 1616 Coactum
389 1579 704 1615 mmmmm.
728 1592 794 1600 —-
814 1561 948 1632 Erqo
979 1562 1226 1635 possible
1257 1565 1357 1634 suit
1390 1581 1422 1618 a
1452 1563 1560 1619 Deo
1596 1564 1710 1618 dari
1735 1564 1908 1618 Eccle-

32 1659 121 1713 δίε
145 1659 233 1730 jus
267 1658 476 1729 aliquod
511 1660 564 1712 in
597 1676 719 1713 rem
750 1659 1084 1730 temporalem
1119 1662 1380 1715 societatis
1416 1662 1597 1716 civilis.
1620 1662 1908 1734 —Aperte

33 1755 278 1829 sequitur
307 1774 336 1812 e
361 1757 645 1829 praesentis
672 1757 997 1831 paragraphi
1025 1758 1517 1831 propositionibus.

32 1942 108 1996 55.
129 1966 179 1975 -
203 1945 380 1998 Quaestio
412 1946 525 1986 sacti.
548 1970 600 1976 —
621 1947 677 1987 De
702 1947 808 1989 sacto
831 1949 1054 2000 praefatum
1075 1949 1147 2001 jus
1167 1962 1188 1990 a
1217 1950 1298 1990 Deo
1327 1950 1520 1992 Ecclesiae
1544 1934 1741 1993 collatum
1759 1952 1907 2000 tuisse,

445 2015 596 2056 merito
617 2015 829 2067 colligitur
846 2029 894 2057 ex
910 2017 1134 2070 utriusque
1155 2019 1368 2069 potestatis
1388 2020 1489 2061 fine.

101 2149 375 2205 Pnoposmo
417 2151 476 2205 1³.
501 2183 575 2192 -—
605 2151 774 2207 Voluit
805 2162 853 2208 et
882 2155 1106 2209 instituit
1144 2154 1279 2208 Deus
1308 2155 1502 2209 civilem
1535 2156 1830 2211 societatem
1861 2163 1907 2210 et

46 2254 331 2304 otestatem
374 2256 617 2320 tanquam·
657 2251 879 2304 medium
920 2251 989 2304 ad
1029 2252 1182 2321 finem
1222 2253 1483 2307 societatis
1537 2260 1586 2307 et
1630 2256 1906 2325 potestatis

59 2345 275 2417 eliyiosae
297 2365 387 2401 seu
407 2346 826 2404 Ecclesiae.—Id
859 2349 1151 2421 probatum
1184 2356 1265 2407 est
1297 2368 1481 2424 supra,
1517 2353 1541 2422 ἓ
1574 2353 1628 2421 1,
1666 2352 1910 2427 proposi-

13 2462 21 2559 ⁴
54 2442 175 2499 ione
207 2444 268 2499 ΙΙ.

60 2541 375 2596 -Pnoposmo
415 2542 590 2597 ll³.—
628 2544 732 2600 Hoo
776 2548 888 2617 ipso
933 2547 1067 2618 quod
1096 2547 1231 2602 Deus
1268 2547 1491 2604 voluerit
1522 2556 1572 2604 et
1621 2551 1909 2606 instituerit

62 2639 224 2694 ‘vilem
258 2647 566 2713 potestatem
606 2650 852 2715 tanquam
886 2645 1110 2699 medium
1154 2647 1222 2699 acl
1262 2646 1499 2701 Ecclesiae
1534 2649 1707 2718 finem,
1746 2648 1910 2702 voluit

33 2738 323 2792 ocietatem
358 2740 552 2794 civilem
590 2741 831 2797 Ecclesiae
876 2743 1082 2798 subesse
1121 2752 1370 2815 quantum
1404 2764 1532 2817 opus
1586 2753 1661 2801 est
1705 2753 1762 2800 ut
1804 2749 1911 2802 leaeo

34 2827 184 2889 *nem
219 2854 366 2890 suum
401 2839 669 2908 proprium
723 2843 1082 2895 convenienter
1128 2851 1495 2914 prosequatur.
1532 2876 1600 2883 —
1634 2845 1766 2898 Nam
1811 2844 1909 2899 hoc

39 3118 256 3177 ubesse
299 3122 477 3178 alteri.
518 3125 664 3181 Alias
710 3127 858 3181 enim
910 3128 1055 3183 idem
1100 3130 1263 3185 vellet
1300 3130 1470 3186 simul
1516 3132 1658 3187 Deus
1700 3137 1754 3187 et.
1802 3150 1913 3188 non

51 3216 206 3273 ellet.
230 3219 412 3275 -Vellet
437 3221 674 3294 priorem
706 3241 827 3280 esse
855 3225 1122 3292 medium,
1156 3227 1303 3300 quod
1334 3227 1478 3284 idem
1509 3233 1591 3283 est
1624 3247 1686 3284 ac
1713 3230 1911 3285 subor-

47 3309 206 3368 ·inari
246 3333 307 3370 ac
337 3316 589 3383 subesse;
626 3324 680 3388 et
708 3320 876 3377 simul
906 3322 1053 3378 idem
1091 3325 1263 3380 nollet
1298 3342 1359 3380 ex
1399 3326 1709 3400 hypothesi.
1740 3326 1910 3398 Igitur

48 3433 55 3441 ·
93 3411 316 3484 proprio
354 3413 642 3469 ambarum
676 3425 1008 3489 potestatum
1053 3421 1184 3489 fine,
1221 3422 1469 3495 rigorose
1500 3423 1801 3494 colligitur,
1836 3421 1910 3476 ci·

69 3501 216 3569 'lem·,
251 3523 315 3560 ex
354 3506 531 3563 officio
568 3528 665 3565 sno
692 3518 744 3567 et
782 3515 849 3569 de
883 3515 1010 3587 jure
1038 3517 1245 3588 divina,
1285 3517 1665 3574 ecclesiasticae
1708 3515 1907 3588 subjici

48 3610 301 3657 uantum
339 3621 479 3677 opus
521 3611 693 3663 estut
733 3609 847 3667 haec
888 3613 1054 3670 finem
1101 3634 1263 3671 suum
1301 3615 1688 3672 convenienter
1722 3631 1908 3687 prose-

49 3704 254 3753 matur.
