2352 4126
1038 367 1336 416 PROEHHJM.
2065 382 2132 418 tu

249 503 494 565 clesiam
529 501 978 581 gubernantem
1023 508 1214 560 totam
1261 499 1590 562 consistere
1633 500 1698 561 in
1729 499 1851 563 illis
1895 500 2136 582 Episco-

248 609 339 687 pis
365 606 550 686 capiti
574 602 1032 666 adhaerentibus
1066 611 1126 664 et
1147 604 1625 685 obsequentibus
1656 629 1668 678 3
1707 613 1960 667 caeteros
1993 626 2137 668 vero

252 712 547 773 diversam
586 707 768 770 fidem
803 705 1142 787 profitendo
1172 709 1398 790 seipsos
1429 717 1596 771 extra
1629 709 1961 772 Ecclesiam
2014 711 2136 790 eje·

251 819 426 879 cisse.

333 922 650 982 Pnoposrrio
691 917 784 978 IV.
830 954 914 964 —
939 915 1061 979 Alii
1092 927 1303 998 praeter
1335 918 1642 1001 Episcopos
1674 919 1975 982 christiani
2005 940 2127 982 non

252 1039 382 1090 sunt
399 1024 845 1108 infallibilitate
870 1024 1216 1106 subjectam,
1238 1023 1355 1084 ‘nisi
1378 1023 1442 1084 in
1468 1043 1530 1085 eo
1551 1044 1722 1086 sensu
1743 1026 1892 1107 quod
1913 1046 2134 1109 semper

254 1131 494 1195 eoetituri
516 1131 628 1192 sint
651 1128 824 1191 multi
854 1128 1067 1212 fideles,
1101 1127 1361 1190 Ecclesiae
1381 1129 1733 1210 qabernanti
1757 1119 1949 1210 quoad
1970 1130 2142 1208 fidem

253 1237 600 1300 adhaerentes
631 1247 684 1298 et
716 1235 1097 1317 obsequentes,
1133 1271 1216 1281 —
1257 1234 1416 1298 Quod
1471 1254 1712 1314 semper
1756 1235 1939 1294 multi
1987 1237 2138 1297 exti-

256 1343 378 1403 turi
403 1342 527 1402 sint
553 1341 762 1402 fideles
786 1340 1068 1402 Ecclesiae
1088 1340 1457 1421 gubernanti
1485 1341 1908 1420 obsequentes,
1945 1341 2141 1420 sequi-

253 1457 353 1506 tur
377 1466 447 1506 ex
473 1465 540 1506 eo
570 1446 756 1527 quod,
783 1446 840 1505 vi
869 1446 1278 1506 institutionis
1297 1446 1540 1519 divinae,
1575 1445 1843 1505 Ecclesia
1870 1446 1948 1505 sit
1972 1446 2148 1506 socie-

258 1561 349 1613 tas
402 1551 838 1633 Episcoporum
880 1552 1382 1630 gubernantium,
1418 1560 1477 1611 et
1515 1551 1880 1630 populorum
1927 1551 2148 1628 guber-

260 1667 569 1719 natorum.
604 1658 798 1736 Igitur
838 1656 1269 1718 deficientibus
1300 1658 1691 1736 gubernatis,
1739 1655 2023 1717 deficeret
2053 1659 2134 1736 ip-

262 1772 454 1823 samet
473 1762 756 1839 Ecclesia,
785 1782 968 1843 quam
999 1771 1206 1822 tamen
1233 1763 1517 1843 promisit
1541 1763 1823 1823 Christus
1850 1762 1923 1822 ad
1951 1761 2135 1821 finem

266 1869 474 1928 saeculi
513 1869 895 1928 duraturam.
943 1869 1072 1928 Alio
1107 1889 1287 1930 sensu
1330 1869 1684 1929 infallibiles
1727 1888 1849 1928 non
1884 1867 2012 1928 ess'e
2046 1887 2147 1946 po-

267 1970 464 2050 puloS‚
485 1971 669 2032 velex
697 1990 764 2030 eo
791 1980 955 2050 patet
971 1972 1135 2051 qnod
1158 1971 1590 2052 Episcoporum
1614 1973 1900 2051 regimini
1923 1972 2133 2031 adhoc

265 2076 575 2154 praecipue
601 2074 858 2153 subjecti
891 2076 1011 2134 sint
1041 2085 1108 2134 ut
1130 2095 1334 2135 veram
1369 2076 1551 2136 fidem
1585 2077 1973 2136 edoceantur.

347 2180 664 2239 Pnovosmo
689 2179 752 2239 V.
783 2218 866 2226 ——
900 2182 1049 2260 Erqo
1097 2200 1409 2242 erroneum
1451 2190 1529 2240 est
1571 2191 1815 2262 systema
1862 2179 2152 2262 ‘infallibi-

267 2283 486 2346 litatem
526 2285 611 2346 ‘ita
654 2303 937 2365 reponens
969 2283 1037 2344 in
1061 2296 1263 2346 senata
1303 2305 1400 2345 seu
1450 2284 1680 2366 colleqt'o
1711 2286 2149 2367 Episcoporum‚

265 2402 330 2452 ut
358 2388 556 2450 nullus
597 2389 906 2471 Episcopus
933 2398 1216 2470 quatenus
1246 2390 1316 2450 ab
1340 2390 1447 2450 ‘isto
1473 2388 1704 2470 eolleqio
1723 2390 2049 2466 distinctas,
2079 2390 2149 2450 sit

264 2495 710 2577 infallibilitate
734 2495 1067 2576 subjectum.
1091 2532 1175 2540 —
1202 2498 1421 2576 Aperte
1451 2498 1734 2576 sequitur
1766 2516 1835 2557 ex
1883 2497 2151 2576 proposi-

267 2602 430 2661 tione
475 2602 710 2680 prima3
764 2601 827 2662 id
892 2610 1006 2680 est,
1052 2620 1122 2662 ex
1151 2621 1220 2662 eo
1267 2602 1432 2681 quod
1462 2602 1766 2661 Romanus
1790 2601 2142 2680 EpiscopUS,

266 2707 450 2766 etiam
480 2716 784 2788 quatenus
827 2707 1151 2767 distinctus
1188 2727 1220 2767 a
1268 2707 1502 2787 reliquo
1537 2706 1823 2768 Ecclesiae
1871 2725 2142 2787 corpore,

266 2810 424 2871 dicta
450 2812 839 2892 praerogativa
863 2812 1125 2872 donatus
1157 2812 1256 2872 sit.

347 2915 663 2977 Pnoposmo
694 2917 784 2980 vl.
819 2954 903 2963 —
949 2919 1099 2999 Erqo
1133 2938 1442 2979 erroneum
1473 2929 1553 2980 est
1583 2929 1827 3001 systema
1862 2915 2149 3000 infallibi-

267 3019 483 3083 litatem
510 3043 628 3082 non
655 3043 955 3104 aquescens
983 3024 1101 3085 nisi
1122 3025 1189 3085 in
1221 3027 1523 3107 conjuncto
1564 3045 1837 3086 consensu
1864 3024 2064 3107 capitis
2089 3034 2139 3084 et

265 3127 560 3207 eorporis;
592 3127 675 3189 ita
716 3127 1006 3191 scilicetut
1049 3150 1150 3191 nec
1191 3132 1363 3213 Papa
1390 3142 1675 3213 quatenus
1723 3131 2026 3191 distinctus
2069 3127 2138 3190 ab

263 3231 679 3314 Episcoporum
711 3254 981 3317 corpore,
1030 3256 1131 3296 nec
1177 3257 1379 3318 corpus
1414 3237 1824 3319 Episcoporum
1858 3244 2137 3317 quatenus

265 3328 595 3398 distinctum
619 3357 656 3398 a
684 3340 878 3421 Papa,
911 3339 1328 3422 infallibilitate
1349 3340 1634 3424 potiatur.
1656 3341 1969 3420 —Aperte
1992 3341 2135 3398 item

266 3443 566 3519 sequitur,
599 3461 631 3502 e
665 3446 1078 3524 propositione
1117 3448 1341 3526 prima,
1393 3467 1511 3528 qua
1547 3446 1812 3507 Romano
1841 3441 2138 3511 Pontifici,

268 3543 447 3604 etiam
474 3556 776 3625 quatenus
814 3570 847 3612 a
885 3551 1122 3631 reliqua
1153 3552 1419 3613 Ecclesia
1450 3552 1768 3621 distincto,
1808 3543 2151 3610 infallibili-

268 3649 361 3703 tas
389 3646 759 3712 vindicatur.
