2340 3990
2233 145 2239 148 .
2293 149 2316 197 ἐξ

363 335 451 384 270
1013 350 1018 355 ·
1033 326 1336 385 TRACTA'IUS
1365 337 1433 385 DE
1462 339 1613 387 PAPA.

327 443 336 464 ¹
363 446 458 502 hoc
477 447 697 516 munda,
720 451 844 501 tum
871 443 930 499 in
952 461 1016 502 eo
1040 462 1235 517 sensti,
1265 445 1414 520 quod
1438 465 1553 504 non
1577 451 1836 505 versetur
1859 450 1996 506 circa
2013 470 2097 508 res
2118 452 2279 527 hujus,

361 547 563 602 mundi.
595 543 864 601 Gallicani
898 550 1088 603 autem
1124 546 1446 622 systematis
1477 551 1921 623 propugnatores
1954 530 2323 625 intelligunt&

361 645 420 702 in
449 648 552 702 hoc
576 646 875 721 posteriori
903 665 1094 716 sensu,
1129 647 1227 723 qui
1253 653 1339 706 est
1363 648 1652 707 evidenter
1676 666 1965 721 erroneuS,
1993 654 2162 725 prout
2185 625 2315 726 pes-Q

359 747 661 822 remptorie
692 748 934 824 probant
963 749 1253 825 particulae
1295 755 1354 808 ἐκ
1390 755 1559 827 atque
1599 757 1835 823 ἐντεῦθεν,
1866 757 1921 808 θῖ
1951 734 2312 834 correspon‘-{J

356 847 552 904 dentes
574 847 782 916 latinae,
808 870 835 903 «
850 867 962 905 non
981 854 1064 906 est
1081 867 1146 906 eae
1167 851 1270 908 hoc
1289 852 1523 919 mundo,
1546 870 1659 908 non
1680 858 1764 909 est
1783 854 1918 908 hinc.
1939 873 1966 905 »
1993 851 2154 926 AEgre
2173 851 2303 912 fert-31

354 947 680 1006 Bossuetius
705 949 855 1024 quod
885 956 996 1006 tam
1022 950 1304 1008 instanter
1323 951 1639 1010 vindicetur
1657 971 1824 1010 verus
1851 952 1944 1010 hic
1963 969 2166 1009 sensus
2186 950 2286 1021 lit,

353 1045 566 1118 teralis‚
596 1065 727 1103 cum
755 1066 885 1105 eum
913 1054 1074 1122 neget
1099 1048 1315 1106 nullus,
1349 1050 1701 1125 «Diligenter
1729 1051 2045 1119 advertunt,
2068 1049 2275 1126 inquit,
2307 1039 2325 1119 1

354 1166 467 1204 non
502 1166 623 1207 esse
653 1167 682 1206 a
708 1148 942 1206 Domino
971 1149 1186 1206 dictum
1215 1170 1227 1206 z
1263 1151 1518 1225 Regnum
1549 1170 1739 1209 meum
1772 1170 1884 1209 non
1923 1156 2009 1210 est
2047 1153 2149 1220 hic,
2180 1151 2287 1216 sed}
2338 1205 2340 1209 Α

352 1266 593 1323 regnum
635 1268 827 1307 meum
871 1268 986 1306 non
1030 1255 1116 1307 est
1157 1252 1346 1308 hinc...
1391 1251 1522 1316 Quae
1556 1251 1685 1328 quis
1728 1251 2028 1308 nesciat?»
2058 1251 2125 1306 At
2167 1248 2276 1307 sibi

351 1331 672 1424 persuadet,
704 1350 910 1406 salsum
948 1350 1111 1406 illum
1151 1369 1384 1409 sensum
1420 1370 1591 1426 quem
1639 1352 1782 1427 (ipso
1821 1351 2044 1423 fatente)
2087 1354 2275 1408 textus

353 1449 626 1517 excludit,
684 1469 809 1507 esse
851 1450 1231 1508 nihilominus
1268 1470 1475 1513 ,verum
1522 1451 1570 1508 si
1623 1451 1946 1527 attendatur
1989 1470 2193 1527 scopus
2244 1470 2275 1510 a

351 1549 569 1606 Christo
598 1549 830 1606 Domino
873 1550 1144 1607 intentus.
1194 1549 1252 1605 ld
1298 1556 1400 1618 est,
1445 1549 1699 1624 quamvis
1742 1549 1991 1606 Christus
2031 1549 2269 1608 dixerit:

349 1650 603 1725 Regnum
636 1670 827 1709 meum
856 1670 968 1707 non
1014 1658 1099 1708 est
1143 1670 1206 1707 ex
1246 1652 1340 1707 hoc
1380 1652 1600 1721 munde,
1632 1651 1810 1707 voluit
1839 1656 2028 1708 tamen
2066 1650 2272 1724 dicere,

352 1769 464 1807 non
496 1760 579 1810 est
605 1754 659 1808 in
688 1753 781 1809 hoc
810 1753 1026 1808 mundo.
1056 1751 1347 1826 Estugium
1372 1751 1522 1808 istud
1550 1752 1982 1827 praecludamus.

427 1851 482 1906 2⁰
513 1852 739 1908 Falsum
772 1857 875 1923 est,
915 1853 984 1909 ob
1020 1871 1255 1927 scopum
1295 1871 1325 1908 a
1366 1851 1582 1908 Christo
1614 1851 1916 1922 intentum,
1952 1851 2122 1909 verba
2152 1850 2314 1926 ejus·

348 1950 712 2028 intelligenda
755 1972 877 2011 esse
924 1953 981 2009 in
1017 1972 1079 2010 eo
1119 1972 1288 2010 sensu
1327 1953 1475 2027 quod
1515 1971 1753 2028 regnum
1788 1952 1907 2027 ejus
1950 1970 2063 2008 non
2106 1950 2178 2009 sit
2218 1955 2273 2008 in

346 2055 440 2110 hoc
467 2057 685 2121 mzme,
719 2055 774 2110 id
808 2062 911 2127 cst,
946 2058 1085 2111 eirea
1118 2073 1202 2110 res
1240 2054 1555 2127 temporales
1585 2056 1734 2127 hujus
1772 2054 1973 2110 mundi.
2004 2051 2273 2126 Equidem
2294 2090 2296 2095 ·
2328 2078 2335 2109 .·

346 2155 564 2212 occasio
585 2156 714 2223 fuit,
744 2161 866 2213 tum
907 2156 1229 2213 (ludaeorum
1266 2154 1550 2212 accusatio
1593 2139 1738 2228 (juod
1779 2153 2028 2209 Christus
2060 2151 2340 2226 regiam;³

346 2256 673 2330 dignitatem
709 2256 1046 2324 affectasset,
1070 2263 1190 2313 tum
1222 2254 1381 2312 Pilati
1410 2254 1795 2328 interrogatio,
1825 2253 1938 2309 Rex
1966 2270 2018 2307 es
2053 2253 2138 2307 tu?
2166 2250 2337 2311 Sed

346 2356 479 2431 quid
522 2356 690 2412 inde?
727 2357 808 2413 En
850 2357 1034 2431 quoad
1074 2354 1454 2412 substantiam
1493 2354 1704 2410 mirum
1733 2351 2011 2410 Bossuctii
2049 2349 2270 2407 ratioci-
2320 2346 2337 2426 ξ

346 2456 503 2513 nium
541 2477 551 2511 :
605 2475 809 2534 scopus
855 2456 1058 2513 Christi
1096 2455 1486 2532 respondendo
1526 2454 1658 2525 fuit,
1701 2458 1766 2511 ut
1805 2472 1835 2510 a
1879 2457 2066 2509 mente
2108 2450 2334 2508 Pilati·

345 2556 544 2628 procul
566 2561 779 2615 arceret
804 2555 1088 2626 timorem,
1116 2573 1186 2610 ne
1213 2573 1272 2612 se
1299 2555 1464 2612 vellet
1487 2553 1689 2610 Caesari
1717 2552 2081 2619 substituere;
2115 2538 2293 2634 atqui¹
2320 2565 2334 2626 μᾷ

344 2660 405 2711 ut
433 2656 582 2712 hunc
614 2674 847 2732 scopum
880 2655 1182 2713 efficaciter
1208 2654 1505 2722 obtineret,
1542 2653 1736 2711 debuit
1779 2653 2029 2711 Christus
2059 2651 2264 2723 dicere,

343 2773 578 2830 regnum
613 2777 783 2815 suum
811 2777 924 2815 non
955 2776 1079 2815 esse
1109 2760 1246 2814 circa
1269 2776 1353 2813 res
1383 2757 1698 2830 temporales
1726 2757 1875 2829 hujus
1903 2754 2110 2821 mundi,-
2139 2753 2319 2827 ergos·

344 2858 600 2932 quamvis
633 2860 785 2916 aliud
820 2859 1042 2926 dixerit,
1079 2860 1186 2916 hoc
1213 2859 1402 2915 dicere
1428 2857 1603 2914 voluit
1633 2864 1686 2914 et
1711 2857 1920 2914 dixisse
1953 2843 2322 2943 0011501Γ1ᾶι1ε1ᾗ1

342 2965 449 3015 est.
479 2959 807 3035 Respondeo
836 2982 846 3015 :
884 2961 1095 3037 Scopus
1130 2959 1332 3018 Christi
1365 2958 1474 3016 fuit
1508 2965 1571 3015 ut
1605 2958 1940 3033 intelligeret
1974 2957 2184 3014 Pilatus
2208 2954 2268 3012 id
2283 2939 2306 3026 j·

342 3059 491 3131 quod
515 3060 702 3117 divina
738 3079 838 3118 sua
873 3061 1036 3117 verba
1066 3059 1479 3134 significabant⁶
1510 3058 1564 3114 Si
1592 3059 1860 3116 voluisset
1887 3057 2137 3115 Christus
2178 3055 2299 3112 111-’
2335 3127 2337 3137 y

344 3158 519 3233 telligi
566 3181 595 3217 a
633 3162 826 3230 Pilato,
871 3181 1109 3237 regnum
1153 3181 1322 3219 suum
1360 3180 1467 3218 non
1507 3179 1618 3217 esse
1651 3162 1790 3216 circa
1831 3177 1915 3215 res
1951 3156 2337 3243 temporale-sn'

341 3261 490 3335 hujus
521 3263 724 3332 mundi,
757 3264 864 3319 hoc
889 3263 1142 3330 dixisset,
1172 3268 1226 3319 et
1254 3280 1366 3318 non
1394 3261 1624 3318 dixisset
1649 3259 1804 3316 aliud
1833 3258 2064 3316 omnino
2088 3257 2277 3316 diver⁴¹
2296 3274 2301 3299 ι·
2331 3312 2337 3351 1,

343 3379 494 3419 sum.
530 3362 824 3433 Caeterum,
865 3361 1100 3420 dicendo
1133 3379 1372 3435 regnum
1400 3379 1568 3418 suum
1595 3360 1874 3435 originem
1912 3379 2024 3418 non
2061 3360 2294 3422 ducere-⁷
2331 3351 2333 3355 ’

344 3482 408 3522 ex
445 3466 538 3522 hoc
565 3465 784 3534 munde,
814 3463 947 3521 satis
973 3463 1287 3537 intelligere
1314 3468 1530 3539 poterat
1551 3463 1760 3521 Pilatus
1791 3465 1938 3520 hanc
1970 3462 2138 3537 regiae
2164 3463 2279 3538 po·⁴
2331 3473 2333 3544 ᾗ

345 3565 561 3624 testatis
603 3563 845 3636 speciem
875 3581 996 3621 eam
1031 3582 1144 3620 non
1172 3582 1291 3620 esse
1318 3582 1426 3638 qua
1455 3582 1514 3620 se
1547 3563 1797 3620 Christus
1825 3562 2021 3620 Caesari
2051 3551 2262 3619 substi-·
2330 3632 2331 3635 Ἴ

343 3670 547 3724 ῖιιθΓθῖ;
583 3664 688 3723 Sed
723 3662 1001 3740 quidquid
1032 3663 1244 3720 Pilatus
1277 3662 1552 3738 conjicere
1587 3662 1835 3739 potuerit
1858 3663 1927 3720 de
1963 3659 2271 3720 effectibus'*

346 3766 526 3841 quoad
558 3765 826 3823 Caesarem
859 3763 1139 3839 ejusmodi
1164 3763 1344 3836 regni,
1375 3781 1489 3820 non
1514 3763 1792 3821 trahentis
1821 3780 1888 3821 ex
1915 3763 2020 3819 hoc
2045 3755 2286 3817 munder»v
