<?xml version="1.0" encoding="UTF-8"?>
<!DOCTYPE html PUBLIC "-//W3C//DTD XHTML 1.0 Transitional//EN"
    "http://www.w3.org/TR/xhtml1/DTD/xhtml1-transitional.dtd">
<html xmlns="http://www.w3.org/1999/xhtml" xml:lang="en" lang="en">
 <head>
  <title>
</title>
<meta http-equiv="Content-Type" content="text/html;charset=utf-8" />
  <meta name='ocr-system' content='tesseract 3.04.00' />
  <meta name='ocr-capabilities' content='ocr_page ocr_carea ocr_par ocr_line ocrx_word'/>
</head>
<body>
  <div class='ocr_page' id='page_1' title='image "a548470103bouiuoft_0420.png"; bbox 0 0 2340 3990; ppageno 0'>
   <div class='ocr_carea' id='block_1_1' title="bbox 350 277 1598 331">
    <p class='ocr_par' dir='ltr' id='par_1_1' title="bbox 350 277 1598 331">
     <span class='ocr_line' id='line_1_1' title="bbox 350 277 1598 331; baseline -0.006 0"><span class='ocrx_word' id='word_1_1' title='bbox 350 283 438 331; x_wconf 80' lang='lat'>596</span> <span class='ocrx_word' id='word_1_2' title='bbox 1016 277 1318 326; x_wconf 80' lang='lat' dir='ltr'>TRACTATUS</span> <span class='ocrx_word' id='word_1_3' title='bbox 1350 277 1416 324; x_wconf 87' lang='lat' dir='ltr'>DE</span> <span class='ocrx_word' id='word_1_4' title='bbox 1448 278 1598 325; x_wconf 82' lang='grc' dir='ltr'><strong>ΡΑΡΑ.</strong></span> 
     </span>
    </p>
   </div>
   <div class='ocr_carea' id='block_1_2' title="bbox 334 385 2340 3730">
    <p class='ocr_par' dir='ltr' id='par_1_2' title="bbox 347 385 2340 760">
     <span class='ocr_line' id='line_1_2' title="bbox 349 385 2329 466; baseline 0.002 -18"><span class='ocrx_word' id='word_1_5' title='bbox 349 392 614 466; x_wconf 90' lang='lat' dir='ltr'>quiorum</span> <span class='ocrx_word' id='word_1_6' title='bbox 640 387 1035 458; x_wconf 85' lang='lat' dir='ltr'>conciliorum,</span> <span class='ocrx_word' id='word_1_7' title='bbox 1075 405 1257 461; x_wconf 92' lang='lat' dir='ltr'>usque</span> <span class='ocrx_word' id='word_1_8' title='bbox 1293 387 1362 444; x_wconf 93' lang='lat' dir='ltr'>ad</span> <span class='ocrx_word' id='word_1_9' title='bbox 1395 385 1743 462; x_wconf 88' lang='lat' dir='ltr'>supradictos</span> <span class='ocrx_word' id='word_1_10' title='bbox 1781 386 1890 444; x_wconf 79' lang='lat'>112</span> <span class='ocrx_word' id='word_1_11' title='bbox 1915 387 2285 463; x_wconf 56' lang='lat' dir='ltr'>negumenosv</span> <span class='ocrx_word' id='word_1_12' title='bbox 2328 431 2329 462; x_wconf 62' lang='lat'><em>3</em></span> 
     </span>
     <span class='ocr_line' id='line_1_3' title="bbox 348 470 2340 566; baseline 0 -15"><span class='ocrx_word' id='word_1_13' title='bbox 348 511 449 550; x_wconf 89' lang='lat' dir='ltr'>seu</span> <span class='ocrx_word' id='word_1_14' title='bbox 477 491 706 548; x_wconf 81' lang='lat' dir='ltr'>abbates</span> <span class='ocrx_word' id='word_1_15' title='bbox 739 487 966 544; x_wconf 91' lang='lat' dir='ltr'>concilii</span> <span class='ocrx_word' id='word_1_16' title='bbox 991 487 1197 544; x_wconf 86' lang='lat' dir='ltr'>Nicaeni</span> <span class='ocrx_word' id='word_1_17' title='bbox 1224 487 1454 545; x_wconf 90' lang='lat' dir='ltr'>secundi</span> <span class='ocrx_word' id='word_1_18' title='bbox 1479 487 1611 544; x_wconf 89' lang='lat' dir='ltr'>anni</span> <span class='ocrx_word' id='word_1_19' title='bbox 1640 487 1770 554; x_wconf 84' lang='lat'><strong>787;</strong></span> <span class='ocrx_word' id='word_1_20' title='bbox 1813 493 1867 544; x_wconf 90' lang='lat' dir='ltr'>et</span> <span class='ocrx_word' id='word_1_21' title='bbox 1890 470 2287 564; x_wconf 52' lang='lat' dir='ltr'>comperietuff</span> <span class='ocrx_word' id='word_1_22' title='bbox 2334 494 2340 566; x_wconf 66' lang='lat' dir='ltr'>j</span> 
     </span>
     <span class='ocr_line' id='line_1_4' title="bbox 347 585 2340 662; baseline -0.001 -15"><span class='ocrx_word' id='word_1_23' title='bbox 347 609 412 647; x_wconf 85' lang='lat' dir='ltr'>ex</span> <span class='ocrx_word' id='word_1_24' title='bbox 438 587 578 662; x_wconf 92' lang='lat' dir='ltr'>ipsis</span> <span class='ocrx_word' id='word_1_25' title='bbox 605 603 775 660; x_wconf 89' lang='lat' dir='ltr'>quam</span> <span class='ocrx_word' id='word_1_26' title='bbox 802 585 1083 660; x_wconf 88' lang='lat' dir='ltr'>plurimos</span> <span class='ocrx_word' id='word_1_27' title='bbox 1115 585 1248 643; x_wconf 91' lang='lat' dir='ltr'>solis</span> <span class='ocrx_word' id='word_1_28' title='bbox 1282 585 1561 658; x_wconf 80' lang='lat' dir='ltr'>religiosis</span> <span class='ocrx_word' id='word_1_29' title='bbox 1595 585 1715 642; x_wconf 91' lang='lat' dir='ltr'>suis</span> <span class='ocrx_word' id='word_1_30' title='bbox 1750 586 2024 660; x_wconf 70' lang='lat' dir='ltr'>potestate</span> <span class='ocrx_word' id='word_1_31' title='bbox 2055 604 2152 644; x_wconf 86' lang='lat' dir='ltr'>seu</span> <span class='ocrx_word' id='word_1_32' title='bbox 2177 589 2279 662; x_wconf 51' lang='lat' dir='ltr'>ju-Q.</span> <span class='ocrx_word' id='word_1_33' title='bbox 2331 590 2340 658; x_wconf 65' lang='grc' dir='ltr'>ξ</span> 
     </span>
     <span class='ocr_line' id='line_1_5' title="bbox 348 686 2317 760; baseline -0.003 -15"><span class='ocrx_word' id='word_1_34' title='bbox 348 687 676 745; x_wconf 91' lang='lat' dir='ltr'>risdictione</span> <span class='ocrx_word' id='word_1_35' title='bbox 709 686 1020 760; x_wconf 86' lang='lat' dir='ltr'>praefuisse.</span> <span class='ocrx_word' id='word_1_36' title='bbox 2315 686 2317 691; x_wconf 56' lang='lat'><strong>⁴</strong></span> 
     </span>
    </p>

    <p class='ocr_par' dir='ltr' id='par_1_3' title="bbox 347 785 2324 1254">
     <span class='ocr_line' id='line_1_6' title="bbox 425 785 2283 864; baseline 0.001 -22"><span class='ocrx_word' id='word_1_37' title='bbox 425 785 641 859; x_wconf 80' lang='lat' dir='ltr'>Objieies</span> <span class='ocrx_word' id='word_1_38' title='bbox 685 786 761 842; x_wconf 78' lang='lat'>2⁰.</span> <span class='ocrx_word' id='word_1_39' title='bbox 792 819 868 827; x_wconf 90' lang='lat'>—</span> <span class='ocrx_word' id='word_1_40' title='bbox 899 785 1373 859; x_wconf 87' lang='lat' dir='ltr'>Restringendum</span> <span class='ocrx_word' id='word_1_41' title='bbox 1419 785 1620 842; x_wconf 90' lang='lat' dir='ltr'>saltem</span> <span class='ocrx_word' id='word_1_42' title='bbox 1661 789 1744 842; x_wconf 92' lang='lat' dir='ltr'>est</span> <span class='ocrx_word' id='word_1_43' title='bbox 1786 785 2004 842; x_wconf 93' lang='lat' dir='ltr'>dictum</span> <span class='ocrx_word' id='word_1_44' title='bbox 2045 785 2283 864; x_wconf 31' lang='lat' dir='ltr'>privile--</span> 
     </span>
     <span class='ocr_line' id='line_1_7' title="bbox 347 883 2324 960; baseline 0 -20"><span class='ocrx_word' id='word_1_45' title='bbox 347 885 503 960; x_wconf 91' lang='lat' dir='ltr'>gium</span> <span class='ocrx_word' id='word_1_46' title='bbox 530 884 599 939; x_wconf 90' lang='lat' dir='ltr'>ad</span> <span class='ocrx_word' id='word_1_47' title='bbox 633 884 862 941; x_wconf 88' lang='lat' dir='ltr'>abbates</span> <span class='ocrx_word' id='word_1_48' title='bbox 885 885 1137 959; x_wconf 87' lang='lat' dir='ltr'>plurium</span> <span class='ocrx_word' id='word_1_49' title='bbox 1165 883 1658 956; x_wconf 82' lang='lat' dir='ltr'>monasteriorum,</span> <span class='ocrx_word' id='word_1_50' title='bbox 1702 901 1803 940; x_wconf 90' lang='lat' dir='ltr'>seu</span> <span class='ocrx_word' id='word_1_51' title='bbox 1830 883 2005 940; x_wconf 91' lang='lat' dir='ltr'>totius</span> <span class='ocrx_word' id='word_1_52' title='bbox 2029 883 2264 958; x_wconf 89' lang='lat' dir='ltr'>alicujus</span> <span class='ocrx_word' id='word_1_53' title='bbox 2316 919 2324 940; x_wconf 60' lang='lat'>.›</span> 
     </span>
     <span class='ocr_line' id='line_1_8' title="bbox 349 983 2265 1058; baseline 0.002 -20"><span class='ocrx_word' id='word_1_54' title='bbox 349 983 697 1040; x_wconf 88' lang='lat' dir='ltr'>monachalis</span> <span class='ocrx_word' id='word_1_55' title='bbox 737 984 1186 1058; x_wconf 90' lang='lat' dir='ltr'>congregationis</span> <span class='ocrx_word' id='word_1_56' title='bbox 1237 1003 1392 1057; x_wconf 70' lang='lat' dir='ltr'>qenei</span> <span class='ocrx_word' id='word_1_57' title='bbox 1396 985 1506 1040; x_wconf 88' lang='lat' dir='ltr'>ales</span> <span class='ocrx_word' id='word_1_58' title='bbox 1549 986 1866 1058; x_wconf 75' lang='lat' dir='ltr'>superiores,</span> <span class='ocrx_word' id='word_1_59' title='bbox 1914 983 1979 1040; x_wconf 91' lang='lat' dir='ltr'>Ut</span> <span class='ocrx_word' id='word_1_60' title='bbox 2037 983 2265 1057; x_wconf 82' lang='lat' dir='ltr'>proinde</span> 
     </span>
     <span class='ocr_line' id='line_1_9' title="bbox 349 1080 2266 1155; baseline 0.002 -20"><span class='ocrx_word' id='word_1_61' title='bbox 349 1098 462 1136; x_wconf 92' lang='lat' dir='ltr'>non</span> <span class='ocrx_word' id='word_1_62' title='bbox 497 1086 775 1154; x_wconf 90' lang='lat' dir='ltr'>quatenus</span> <span class='ocrx_word' id='word_1_63' title='bbox 813 1080 1108 1136; x_wconf 90' lang='lat' dir='ltr'>abbatibus</span> <span class='ocrx_word' id='word_1_64' title='bbox 1143 1081 1247 1135; x_wconf 91' lang='lat' dir='ltr'>hoc</span> <span class='ocrx_word' id='word_1_65' title='bbox 1287 1080 1365 1135; x_wconf 87' lang='lat' dir='ltr'>eis</span> <span class='ocrx_word' id='word_1_66' title='bbox 1397 1085 1699 1155; x_wconf 89' lang='lat' dir='ltr'>competat;</span> <span class='ocrx_word' id='word_1_67' title='bbox 1741 1081 1836 1136; x_wconf 91' lang='lat' dir='ltr'>sed</span> <span class='ocrx_word' id='word_1_68' title='bbox 1876 1080 2022 1136; x_wconf 89' lang='lat' dir='ltr'>sicut</span> <span class='ocrx_word' id='word_1_69' title='bbox 2056 1081 2266 1139; x_wconf 87' lang='lat' dir='ltr'>caeteris</span> 
     </span>
     <span class='ocr_line' id='line_1_10' title="bbox 350 1179 1775 1254; baseline 0.001 -19"><span class='ocrx_word' id='word_1_70' title='bbox 350 1179 610 1236; x_wconf 89' lang='lat' dir='ltr'>ordinum</span> <span class='ocrx_word' id='word_1_71' title='bbox 637 1180 1026 1254; x_wconf 89' lang='lat' dir='ltr'>religiosorum</span> <span class='ocrx_word' id='word_1_72' title='bbox 1053 1179 1411 1251; x_wconf 84' lang='lat' dir='ltr'>generalibus</span> <span class='ocrx_word' id='word_1_73' title='bbox 1438 1179 1775 1252; x_wconf 71' lang='lat' dir='ltr'>praepositis</span> 
     </span>
    </p>

    <p class='ocr_par' dir='ltr' id='par_1_4' title="bbox 343 1275 2340 2841">
     <span class='ocr_line' id='line_1_11' title="bbox 425 1275 2266 1352; baseline 0.001 -20"><span class='ocrx_word' id='word_1_74' title='bbox 425 1277 778 1351; x_wconf 81' lang='lat' dir='ltr'>Respondeo:</span> <span class='ocrx_word' id='word_1_75' title='bbox 814 1277 936 1331; x_wconf 86' lang='lat' dir='ltr'>Haec</span> <span class='ocrx_word' id='word_1_76' title='bbox 977 1276 1143 1332; x_wconf 89' lang='lat' dir='ltr'>etiam</span> <span class='ocrx_word' id='word_1_77' title='bbox 1178 1275 1458 1331; x_wconf 80' lang='lat' dir='ltr'>restrictio</span> <span class='ocrx_word' id='word_1_78' title='bbox 1491 1276 1852 1332; x_wconf 83' lang='lat' dir='ltr'>fundamento</span> <span class='ocrx_word' id='word_1_79' title='bbox 1892 1283 2065 1334; x_wconf 90' lang='lat' dir='ltr'>caret.</span> <span class='ocrx_word' id='word_1_80' title='bbox 2103 1277 2266 1352; x_wconf 86' lang='lat' dir='ltr'>Equi-</span> 
     </span>
     <span class='ocr_line' id='line_1_12' title="bbox 350 1373 2271 1448; baseline 0.001 -18"><span class='ocrx_word' id='word_1_81' title='bbox 350 1377 475 1432; x_wconf 88' lang='lat' dir='ltr'>dem</span> <span class='ocrx_word' id='word_1_82' title='bbox 512 1395 575 1431; x_wconf 90' lang='lat' dir='ltr'>ex</span> <span class='ocrx_word' id='word_1_83' title='bbox 604 1394 738 1448; x_wconf 90' lang='lat' dir='ltr'>quo,</span> <span class='ocrx_word' id='word_1_84' title='bbox 776 1375 833 1429; x_wconf 90' lang='lat' dir='ltr'>in</span> <span class='ocrx_word' id='word_1_85' title='bbox 861 1373 1217 1430; x_wconf 90' lang='lat' dir='ltr'>Benedictina</span> <span class='ocrx_word' id='word_1_86' title='bbox 1254 1373 1492 1442; x_wconf 84' lang='lat' dir='ltr'>familia,</span> <span class='ocrx_word' id='word_1_87' title='bbox 1526 1392 1627 1448; x_wconf 91' lang='lat' dir='ltr'>per</span> <span class='ocrx_word' id='word_1_88' title='bbox 1656 1375 2076 1432; x_wconf 89' lang='lat' dir='ltr'>Cluniacensem</span> <span class='ocrx_word' id='word_1_89' title='bbox 2099 1377 2271 1433; x_wconf 88' lang='lat' dir='ltr'>refor-</span> 
     </span>
     <span class='ocr_line' id='line_1_13' title="bbox 350 1471 2268 1547; baseline 0.002 -19"><span class='ocrx_word' id='word_1_90' title='bbox 350 1474 679 1538; x_wconf 76' lang='lat' dir='ltr'>mationem,</span> <span class='ocrx_word' id='word_1_91' title='bbox 724 1478 1018 1547; x_wconf 87' lang='lat' dir='ltr'>coeperunt</span> <span class='ocrx_word' id='word_1_92' title='bbox 1066 1471 1226 1544; x_wconf 89' lang='lat' dir='ltr'>plura</span> <span class='ocrx_word' id='word_1_93' title='bbox 1283 1471 1621 1528; x_wconf 86' lang='lat' dir='ltr'>monasteria</span> <span class='ocrx_word' id='word_1_94' title='bbox 1670 1472 1727 1527; x_wconf 93' lang='lat' dir='ltr'>in</span> <span class='ocrx_word' id='word_1_95' title='bbox 1784 1474 2268 1547; x_wconf 81' lang='lat' dir='ltr'>congregationem</span> 
     </span>
     <span class='ocr_line' id='line_1_14' title="bbox 348 1569 2271 1642; baseline 0 -15"><span class='ocrx_word' id='word_1_96' title='bbox 348 1572 685 1642; x_wconf 86' lang='lat' dir='ltr'>coalescere,</span> <span class='ocrx_word' id='word_1_97' title='bbox 715 1577 835 1627; x_wconf 89' lang='lat' dir='ltr'>orta</span> <span class='ocrx_word' id='word_1_98' title='bbox 879 1570 1048 1626; x_wconf 90' lang='lat' dir='ltr'>etiam</span> <span class='ocrx_word' id='word_1_99' title='bbox 1076 1575 1159 1625; x_wconf 89' lang='lat' dir='ltr'>est</span> <span class='ocrx_word' id='word_1_100' title='bbox 1193 1569 1457 1624; x_wconf 75' lang='lat' dir='ltr'>abbatum</span> <span class='ocrx_word' id='word_1_101' title='bbox 1494 1569 1808 1626; x_wconf 81' lang='lat' dir='ltr'>diversitaS.</span> <span class='ocrx_word' id='word_1_102' title='bbox 1846 1569 2017 1625; x_wconf 82' lang='lat' dir='ltr'>Antea</span> <span class='ocrx_word' id='word_1_103' title='bbox 2060 1570 2271 1627; x_wconf 90' lang='lat' dir='ltr'>scilicet</span> 
     </span>
     <span class='ocr_line' id='line_1_15' title="bbox 350 1670 2268 1744; baseline 0.001 -18"><span class='ocrx_word' id='word_1_104' title='bbox 350 1671 682 1728; x_wconf 86' lang='lat' dir='ltr'>monasteria</span> <span class='ocrx_word' id='word_1_105' title='bbox 722 1671 909 1726; x_wconf 89' lang='lat' dir='ltr'>omnia</span> <span class='ocrx_word' id='word_1_106' title='bbox 948 1676 1106 1726; x_wconf 90' lang='lat' dir='ltr'>erant</span> <span class='ocrx_word' id='word_1_107' title='bbox 1135 1670 1447 1742; x_wconf 73' lang='lat' dir='ltr'>sinqularia;</span> <span class='ocrx_word' id='word_1_108' title='bbox 1493 1670 1549 1725; x_wconf 91' lang='lat' dir='ltr'>id</span> <span class='ocrx_word' id='word_1_109' title='bbox 1575 1675 1676 1740; x_wconf 89' lang='lat' dir='ltr'>est,</span> <span class='ocrx_word' id='word_1_110' title='bbox 1718 1670 2163 1744; x_wconf 91' lang='lat' dir='ltr'>unumquodque</span> <span class='ocrx_word' id='word_1_111' title='bbox 2203 1671 2268 1728; x_wconf 88' lang='lat' dir='ltr'>ab</span> 
     </span>
     <span class='ocr_line' id='line_1_16' title="bbox 347 1768 2270 1844; baseline 0.001 -18"><span class='ocrx_word' id='word_1_112' title='bbox 347 1771 609 1827; x_wconf 86' lang='lat' dir='ltr'>omnibus</span> <span class='ocrx_word' id='word_1_113' title='bbox 636 1769 763 1825; x_wconf 88' lang='lat' dir='ltr'>aliis</span> <span class='ocrx_word' id='word_1_114' title='bbox 792 1768 1170 1843; x_wconf 89' lang='lat' dir='ltr'>independens</span> <span class='ocrx_word' id='word_1_115' title='bbox 1198 1776 1337 1836; x_wconf 83' lang='lat' dir='ltr'>erat,</span> <span class='ocrx_word' id='word_1_116' title='bbox 1365 1775 1418 1826; x_wconf 90' lang='lat' dir='ltr'>et</span> <span class='ocrx_word' id='word_1_117' title='bbox 1459 1770 1793 1844; x_wconf 86' lang='lat' dir='ltr'>completam</span> <span class='ocrx_word' id='word_1_118' title='bbox 1832 1769 2103 1827; x_wconf 88' lang='lat' dir='ltr'>familiam</span> <span class='ocrx_word' id='word_1_119' title='bbox 2144 1789 2270 1827; x_wconf 91' lang='lat' dir='ltr'>con-</span> 
     </span>
     <span class='ocr_line' id='line_1_17' title="bbox 346 1869 2265 1942; baseline 0.001 -17"><span class='ocrx_word' id='word_1_120' title='bbox 346 1871 639 1935; x_wconf 80' lang='lat' dir='ltr'>stituebat,</span> <span class='ocrx_word' id='word_1_121' title='bbox 678 1870 841 1942; x_wconf 87' lang='lat' dir='ltr'>cujus</span> <span class='ocrx_word' id='word_1_122' title='bbox 880 1874 1047 1942; x_wconf 87' lang='lat' dir='ltr'>caput</span> <span class='ocrx_word' id='word_1_123' title='bbox 1089 1869 1279 1925; x_wconf 89' lang='lat' dir='ltr'>abbas.</span> <span class='ocrx_word' id='word_1_124' title='bbox 1321 1869 1467 1926; x_wconf 91' lang='lat' dir='ltr'>Ortis</span> <span class='ocrx_word' id='word_1_125' title='bbox 1507 1869 1677 1925; x_wconf 87' lang='lat' dir='ltr'>variis</span> <span class='ocrx_word' id='word_1_126' title='bbox 1720 1869 2265 1942; x_wconf 77' lang='lat' dir='ltr'>congregationibuS,</span> 
     </span>
     <span class='ocr_line' id='line_1_18' title="bbox 346 1968 2269 2044; baseline -0.002 -16"><span class='ocrx_word' id='word_1_127' title='bbox 346 1971 502 2028; x_wconf 85' lang='lat' dir='ltr'>verbi</span> <span class='ocrx_word' id='word_1_128' title='bbox 531 1970 727 2044; x_wconf 84' lang='lat' dir='ltr'>gratia,</span> <span class='ocrx_word' id='word_1_129' title='bbox 759 1969 1136 2036; x_wconf 79' lang='lat' dir='ltr'>Cluniacensi,</span> <span class='ocrx_word' id='word_1_130' title='bbox 1164 1969 1503 2043; x_wconf 88' lang='lat' dir='ltr'>Cassinensi,</span> <span class='ocrx_word' id='word_1_131' title='bbox 1534 1969 1857 2043; x_wconf 88' lang='lat' dir='ltr'>Anglicana‚</span> <span class='ocrx_word' id='word_1_132' title='bbox 1886 1968 2151 2042; x_wconf 84' lang='lat' dir='ltr'>distingui</span> <span class='ocrx_word' id='word_1_133' title='bbox 2179 1969 2269 2024; x_wconf 90' lang='lat' dir='ltr'>de-</span> 
     </span>
     <span class='ocr_line' id='line_1_19' title="bbox 347 2066 2269 2143; baseline -0.002 -18"><span class='ocrx_word' id='word_1_134' title='bbox 347 2070 469 2126; x_wconf 87' lang='lat' dir='ltr'>buit</span> <span class='ocrx_word' id='word_1_135' title='bbox 498 2069 669 2125; x_wconf 85' lang='lat' dir='ltr'>abbas</span> <span class='ocrx_word' id='word_1_136' title='bbox 692 2071 985 2142; x_wconf 77' lang='lat' dir='ltr'>primarius</span> <span class='ocrx_word' id='word_1_137' title='bbox 1020 2088 1119 2126; x_wconf 90' lang='lat' dir='ltr'>seu</span> <span class='ocrx_word' id='word_1_138' title='bbox 1156 2068 1483 2125; x_wconf 89' lang='lat' dir='ltr'>monasterii</span> <span class='ocrx_word' id='word_1_139' title='bbox 1518 2067 1797 2143; x_wconf 90' lang='lat' dir='ltr'>primarii,</span> <span class='ocrx_word' id='word_1_140' title='bbox 1835 2073 1959 2123; x_wconf 90' lang='lat' dir='ltr'>tum</span> <span class='ocrx_word' id='word_1_141' title='bbox 1998 2067 2067 2122; x_wconf 89' lang='lat' dir='ltr'>ab</span> <span class='ocrx_word' id='word_1_142' title='bbox 2105 2066 2269 2122; x_wconf 86' lang='lat' dir='ltr'>abba-</span> 
     </span>
     <span class='ocr_line' id='line_1_20' title="bbox 347 2144 2340 2243; baseline -0.003 -16"><span class='ocrx_word' id='word_1_143' title='bbox 347 2171 497 2227; x_wconf 88' lang='lat' dir='ltr'>tibus</span> <span class='ocrx_word' id='word_1_144' title='bbox 549 2170 1025 2226; x_wconf 89' lang='lat' dir='ltr'>monasteriorum</span> <span class='ocrx_word' id='word_1_145' title='bbox 1074 2171 1509 2226; x_wconf 77' lang='lat' dir='ltr'>seeundariorwn</span> <span class='ocrx_word' id='word_1_146' title='bbox 1561 2168 1842 2243; x_wconf 86' lang='lat' dir='ltr'>ejusmodi</span> <span class='ocrx_word' id='word_1_147' title='bbox 1895 2167 2269 2241; x_wconf 87' lang='lat' dir='ltr'>congregatio-</span> <span class='ocrx_word' id='word_1_148' title='bbox 2338 2144 2340 2214; x_wconf 54' lang='grc' dir='ltr'>Ῐ</span> 
     </span>
     <span class='ocr_line' id='line_1_21' title="bbox 348 2266 2267 2341; baseline -0.003 -16"><span class='ocrx_word' id='word_1_149' title='bbox 348 2289 509 2341; x_wconf 91' lang='lat' dir='ltr'>num,</span> <span class='ocrx_word' id='word_1_150' title='bbox 538 2275 657 2325; x_wconf 88' lang='lat' dir='ltr'>tum</span> <span class='ocrx_word' id='word_1_151' title='bbox 679 2269 748 2324; x_wconf 90' lang='lat' dir='ltr'>ab</span> <span class='ocrx_word' id='word_1_152' title='bbox 772 2269 1068 2325; x_wconf 87' lang='lat' dir='ltr'>abbatibus</span> <span class='ocrx_word' id='word_1_153' title='bbox 1094 2268 1563 2325; x_wconf 87' lang='lat' dir='ltr'>monasteriorum</span> <span class='ocrx_word' id='word_1_154' title='bbox 1593 2285 1717 2341; x_wconf 87' lang='lat' dir='ltr'>quae</span> <span class='ocrx_word' id='word_1_155' title='bbox 1739 2267 2054 2339; x_wconf 64' lang='lat' dir='ltr'>singularia,</span> <span class='ocrx_word' id='word_1_156' title='bbox 2083 2266 2138 2320; x_wconf 90' lang='lat' dir='ltr'>id</span> <span class='ocrx_word' id='word_1_157' title='bbox 2165 2269 2267 2335; x_wconf 80' lang='lat' dir='ltr'>est,</span> 
     </span>
     <span class='ocr_line' id='line_1_22' title="bbox 348 2365 2268 2444; baseline -0.004 -17"><span class='ocrx_word' id='word_1_158' title='bbox 348 2377 498 2427; x_wconf 86' lang='lat' dir='ltr'>extra</span> <span class='ocrx_word' id='word_1_159' title='bbox 528 2388 754 2426; x_wconf 87' lang='lat' dir='ltr'>omnem</span> <span class='ocrx_word' id='word_1_160' title='bbox 786 2369 1279 2444; x_wconf 83' lang='lat' dir='ltr'>congregationem</span> <span class='ocrx_word' id='word_1_161' title='bbox 1318 2375 1725 2425; x_wconf 89' lang='lat' dir='ltr'>remanserant.</span> <span class='ocrx_word' id='word_1_162' title='bbox 1770 2366 1825 2420; x_wconf 89' lang='lat' dir='ltr'>Si</span> <span class='ocrx_word' id='word_1_163' title='bbox 1857 2366 2064 2422; x_wconf 81' lang='lat' dir='ltr'>valeret</span> <span class='ocrx_word' id='word_1_164' title='bbox 2089 2365 2268 2439; x_wconf 87' lang='lat' dir='ltr'>objec-</span> 
     </span>
     <span class='ocr_line' id='line_1_23' title="bbox 347 2464 2270 2544; baseline -0.004 -19"><span class='ocrx_word' id='word_1_165' title='bbox 347 2471 444 2541; x_wconf 86' lang='lat' dir='ltr'>tio,</span> <span class='ocrx_word' id='word_1_166' title='bbox 487 2469 846 2544; x_wconf 70' lang='lat' dir='ltr'>praerogativa</span> <span class='ocrx_word' id='word_1_167' title='bbox 871 2469 1099 2526; x_wconf 77' lang='lat' dir='ltr'>decisivi</span> <span class='ocrx_word' id='word_1_168' title='bbox 1137 2467 1394 2540; x_wconf 86' lang='lat' dir='ltr'>suffragii</span> <span class='ocrx_word' id='word_1_169' title='bbox 1435 2467 1494 2522; x_wconf 93' lang='lat' dir='ltr'>in</span> <span class='ocrx_word' id='word_1_170' title='bbox 1524 2466 1761 2522; x_wconf 87' lang='lat' dir='ltr'>concilio</span> <span class='ocrx_word' id='word_1_171' title='bbox 1801 2465 1935 2521; x_wconf 94' lang='lat' dir='ltr'>solis</span> <span class='ocrx_word' id='word_1_172' title='bbox 1978 2464 2270 2521; x_wconf 91' lang='lat' dir='ltr'>abbatibus</span> 
     </span>
     <span class='ocr_line' id='line_1_24' title="bbox 343 2549 2270 2642; baseline -0.002 -19"><span class='ocrx_word' id='word_1_173' title='bbox 343 2571 616 2641; x_wconf 75' lang='lat' dir='ltr'>primariis</span> <span class='ocrx_word' id='word_1_174' title='bbox 654 2574 1025 2642; x_wconf 80' lang='lat' dir='ltr'>competeret3</span> <span class='ocrx_word' id='word_1_175' title='bbox 1070 2586 1184 2623; x_wconf 92' lang='lat' dir='ltr'>non</span> <span class='ocrx_word' id='word_1_176' title='bbox 1222 2573 1409 2623; x_wconf 90' lang='lat' dir='ltr'>autem</span> <span class='ocrx_word' id='word_1_177' title='bbox 1450 2565 1751 2622; x_wconf 87' lang='lat' dir='ltr'>abbatibus</span> <span class='ocrx_word' id='word_1_178' title='bbox 1792 2565 2118 2620; x_wconf 73' lang='lat' dir='ltr'>secundariis</span> <span class='ocrx_word' id='word_1_179' title='bbox 2160 2549 2270 2620; x_wconf 83' lang='lat' dir='ltr'>mo-</span> 
     </span>
     <span class='ocr_line' id='line_1_25' title="bbox 347 2661 2316 2739; baseline -0.004 -17"><span class='ocrx_word' id='word_1_180' title='bbox 347 2667 666 2722; x_wconf 87' lang='lat' dir='ltr'>nachalium</span> <span class='ocrx_word' id='word_1_181' title='bbox 720 2665 1251 2739; x_wconf 83' lang='lat' dir='ltr'>congregationum,</span> <span class='ocrx_word' id='word_1_182' title='bbox 1302 2683 1405 2720; x_wconf 91' lang='lat' dir='ltr'>nec</span> <span class='ocrx_word' id='word_1_183' title='bbox 1446 2664 1748 2719; x_wconf 88' lang='lat' dir='ltr'>abbatibus</span> <span class='ocrx_word' id='word_1_184' title='bbox 1798 2661 2270 2718; x_wconf 89' lang='lat' dir='ltr'>monasteriorum</span> <span class='ocrx_word' id='word_1_185' title='bbox 2314 2719 2316 2721; x_wconf 63' lang='grc'><strong>,</strong></span> 
     </span>
     <span class='ocr_line' id='line_1_26' title="bbox 348 2763 1464 2841; baseline -0.004 -19"><span class='ocrx_word' id='word_1_186' title='bbox 348 2784 470 2841; x_wconf 82' lang='lat' dir='ltr'>quae</span> <span class='ocrx_word' id='word_1_187' title='bbox 501 2766 796 2837; x_wconf 63' lang='lat' dir='ltr'>singularia</span> <span class='ocrx_word' id='word_1_188' title='bbox 829 2768 1243 2820; x_wconf 88' lang='lat' dir='ltr'>remanserunt.</span> <span class='ocrx_word' id='word_1_189' title='bbox 1274 2763 1464 2829; x_wconf 88' lang='lat' dir='ltr'>Porro,</span> 
     </span>
    </p>

    <p class='ocr_par' dir='ltr' id='par_1_5' title="bbox 334 2859 2291 3730">
     <span class='ocr_line' id='line_1_27' title="bbox 424 2859 2272 2938; baseline -0.003 -18"><span class='ocrx_word' id='word_1_190' title='bbox 424 2865 479 2920; x_wconf 90' lang='grc'>10</span> <span class='ocrx_word' id='word_1_191' title='bbox 507 2864 781 2938; x_wconf 89' lang='lat' dir='ltr'>Competit</span> <span class='ocrx_word' id='word_1_192' title='bbox 807 2863 955 2920; x_wconf 89' lang='lat' dir='ltr'>dicta</span> <span class='ocrx_word' id='word_1_193' title='bbox 983 2862 1345 2938; x_wconf 70' lang='lat' dir='ltr'>praerogativa</span> <span class='ocrx_word' id='word_1_194' title='bbox 1369 2862 1635 2918; x_wconf 90' lang='lat' dir='ltr'>omnibus</span> <span class='ocrx_word' id='word_1_195' title='bbox 1668 2859 2140 2917; x_wconf 88' lang='lat' dir='ltr'>monasteriorum</span> <span class='ocrx_word' id='word_1_196' title='bbox 2165 2861 2272 2915; x_wconf 88' lang='lat' dir='ltr'>sin-</span> 
     </span>
     <span class='ocr_line' id='line_1_28' title="bbox 346 2946 2270 3037; baseline -0.004 -18"><span class='ocrx_word' id='word_1_197' title='bbox 346 2964 607 3037; x_wconf 71' lang='lat' dir='ltr'>yularimn</span> <span class='ocrx_word' id='word_1_198' title='bbox 636 2946 955 3020; x_wconf 86' lang='lat' dir='ltr'>abbatibus.</span> <span class='ocrx_word' id='word_1_199' title='bbox 991 2962 1128 3018; x_wconf 91' lang='lat' dir='ltr'>Nam</span> <span class='ocrx_word' id='word_1_200' title='bbox 1157 2961 1215 3016; x_wconf 91' lang='lat' dir='ltr'>hi</span> <span class='ocrx_word' id='word_1_201' title='bbox 1253 2966 1385 3016; x_wconf 90' lang='lat' dir='ltr'>sunt</span> <span class='ocrx_word' id='word_1_202' title='bbox 1414 2961 1472 3016; x_wconf 91' lang='lat' dir='ltr'>in</span> <span class='ocrx_word' id='word_1_203' title='bbox 1498 2978 1630 3016; x_wconf 82' lang='lat' dir='ltr'>vero</span> <span class='ocrx_word' id='word_1_204' title='bbox 1664 2978 1726 3015; x_wconf 87' lang='lat' dir='ltr'>ac</span> <span class='ocrx_word' id='word_1_205' title='bbox 1753 2960 1943 3016; x_wconf 85' lang='lat' dir='ltr'>stricto</span> <span class='ocrx_word' id='word_1_206' title='bbox 1975 2975 2145 3014; x_wconf 91' lang='lat' dir='ltr'>sensu</span> <span class='ocrx_word' id='word_1_207' title='bbox 2183 2957 2270 3012; x_wconf 85' lang='lat' dir='ltr'>ab·</span> 
     </span>
     <span class='ocr_line' id='line_1_29' title="bbox 347 3053 2270 3135; baseline -0.003 -20"><span class='ocrx_word' id='word_1_208' title='bbox 347 3063 512 3130; x_wconf 74' lang='lat' dir='ltr'>botes,</span> <span class='ocrx_word' id='word_1_209' title='bbox 543 3061 822 3135; x_wconf 90' lang='lat' dir='ltr'>siquidem</span> <span class='ocrx_word' id='word_1_210' title='bbox 848 3065 1109 3117; x_wconf 85' lang='lat' dir='ltr'>exercent</span> <span class='ocrx_word' id='word_1_211' title='bbox 1145 3059 1203 3115; x_wconf 90' lang='lat' dir='ltr'>in</span> <span class='ocrx_word' id='word_1_212' title='bbox 1234 3077 1364 3115; x_wconf 92' lang='lat' dir='ltr'>suos</span> <span class='ocrx_word' id='word_1_213' title='bbox 1396 3058 1703 3114; x_wconf 88' lang='lat' dir='ltr'>monachos</span> <span class='ocrx_word' id='word_1_214' title='bbox 1739 3062 2098 3132; x_wconf 88' lang='lat' dir='ltr'>potestatem,</span> <span class='ocrx_word' id='word_1_215' title='bbox 2129 3053 2270 3111; x_wconf 90' lang='lat' dir='ltr'>nulli</span> 
     </span>
     <span class='ocr_line' id='line_1_30' title="bbox 345 3155 2271 3235; baseline -0.002 -20"><span class='ocrx_word' id='word_1_216' title='bbox 345 3160 505 3216; x_wconf 86' lang='lat' dir='ltr'>alteri</span> <span class='ocrx_word' id='word_1_217' title='bbox 540 3161 726 3215; x_wconf 89' lang='lat' dir='ltr'>abbati</span> <span class='ocrx_word' id='word_1_218' title='bbox 763 3160 1101 3235; x_wconf 82' lang='lat' dir='ltr'>subjectam.</span> <span class='ocrx_word' id='word_1_219' title='bbox 1141 3161 1393 3217; x_wconf 80' lang='lat' dir='ltr'>Primarii</span> <span class='ocrx_word' id='word_1_220' title='bbox 1425 3165 1614 3215; x_wconf 89' lang='lat' dir='ltr'>autem</span> <span class='ocrx_word' id='word_1_221' title='bbox 1649 3157 2145 3231; x_wconf 88' lang='lat' dir='ltr'>congregationum</span> <span class='ocrx_word' id='word_1_222' title='bbox 2181 3155 2271 3211; x_wconf 90' lang='lat' dir='ltr'>ab-</span> 
     </span>
     <span class='ocr_line' id='line_1_31' title="bbox 347 3254 2291 3333; baseline -0.002 -19"><span class='ocrx_word' id='word_1_223' title='bbox 347 3260 523 3326; x_wconf 82' lang='lat' dir='ltr'>bateS‚</span> <span class='ocrx_word' id='word_1_224' title='bbox 546 3258 679 3314; x_wconf 92' lang='lat' dir='ltr'>licet</span> <span class='ocrx_word' id='word_1_225' title='bbox 706 3258 948 3314; x_wconf 89' lang='lat' dir='ltr'>habeant</span> <span class='ocrx_word' id='word_1_226' title='bbox 971 3261 1240 3332; x_wconf 88' lang='lat' dir='ltr'>majorem</span> <span class='ocrx_word' id='word_1_227' title='bbox 1268 3262 1599 3333; x_wconf 80' lang='lat' dir='ltr'>potestatem</span> <span class='ocrx_word' id='word_1_228' title='bbox 1623 3259 1888 3313; x_wconf 74' lang='lat' dir='ltr'>extensive</span> <span class='ocrx_word' id='word_1_229' title='bbox 1913 3273 2010 3313; x_wconf 91' lang='lat' dir='ltr'>seu</span> <span class='ocrx_word' id='word_1_230' title='bbox 2031 3256 2088 3310; x_wconf 92' lang='lat' dir='ltr'>in</span> <span class='ocrx_word' id='word_1_231' title='bbox 2111 3254 2291 3329; x_wconf 66' lang='lat' dir='ltr'>plura&#39;</span> 
     </span>
     <span class='ocr_line' id='line_1_32' title="bbox 349 3352 2271 3430; baseline -0.003 -16"><span class='ocrx_word' id='word_1_232' title='bbox 349 3357 712 3424; x_wconf 88' lang='lat' dir='ltr'>monasteria,</span> <span class='ocrx_word' id='word_1_233' title='bbox 734 3375 848 3413; x_wconf 91' lang='lat' dir='ltr'>non</span> <span class='ocrx_word' id='word_1_234' title='bbox 875 3363 1065 3413; x_wconf 86' lang='lat' dir='ltr'>tamen</span> <span class='ocrx_word' id='word_1_235' title='bbox 1092 3358 1362 3430; x_wconf 90' lang='lat' dir='ltr'>majorem</span> <span class='ocrx_word' id='word_1_236' title='bbox 1390 3357 1596 3412; x_wconf 91' lang='lat' dir='ltr'>habent</span> <span class='ocrx_word' id='word_1_237' title='bbox 1620 3359 1896 3412; x_wconf 82' lang='lat' dir='ltr'>intensive.</span> <span class='ocrx_word' id='word_1_238' title='bbox 1918 3355 2093 3428; x_wconf 86' lang='lat' dir='ltr'>Igitur</span> <span class='ocrx_word' id='word_1_239' title='bbox 2117 3352 2271 3410; x_wconf 85' lang='lat' dir='ltr'>nulla</span> 
     </span>
     <span class='ocr_line' id='line_1_33' title="bbox 349 3452 2276 3525; baseline -0.003 -11"><span class='ocrx_word' id='word_1_240' title='bbox 349 3463 433 3514; x_wconf 90' lang='lat' dir='ltr'>est</span> <span class='ocrx_word' id='word_1_241' title='bbox 465 3456 606 3513; x_wconf 88' lang='lat' dir='ltr'>ratio</span> <span class='ocrx_word' id='word_1_242' title='bbox 643 3474 762 3525; x_wconf 90' lang='lat' dir='ltr'>cur,</span> <span class='ocrx_word' id='word_1_243' title='bbox 813 3455 919 3512; x_wconf 89' lang='lat' dir='ltr'>sub</span> <span class='ocrx_word' id='word_1_244' title='bbox 960 3454 1416 3512; x_wconf 85' lang='lat' dir='ltr'>denominatione</span> <span class='ocrx_word' id='word_1_245' title='bbox 1454 3456 1723 3525; x_wconf 82' lang='lat' dir='ltr'>abbatum,</span> <span class='ocrx_word' id='word_1_246' title='bbox 1768 3455 1826 3510; x_wconf 92' lang='lat' dir='ltr'>in</span> <span class='ocrx_word' id='word_1_247' title='bbox 1868 3452 2276 3516; x_wconf 89' lang='lat' dir='ltr'>indictionibus</span> 
     </span>
     <span class='ocr_line' id='line_1_34' title="bbox 334 3549 2272 3627; baseline -0.004 -14"><span class='ocrx_word' id='word_1_248' title='bbox 334 3555 724 3613; x_wconf 88' lang='lat' dir='ltr'>conciliorum</span> <span class='ocrx_word' id='word_1_249' title='bbox 746 3555 940 3612; x_wconf 82' lang='lat' dir='ltr'>aliisve</span> <span class='ocrx_word' id='word_1_250' title='bbox 961 3554 1336 3622; x_wconf 82' lang='lat' dir='ltr'>documentiS‚</span> <span class='ocrx_word' id='word_1_251' title='bbox 1361 3560 1416 3610; x_wconf 86' lang='lat' dir='ltr'>et</span> <span class='ocrx_word' id='word_1_252' title='bbox 1437 3553 1856 3610; x_wconf 89' lang='lat' dir='ltr'>canonistarum</span> <span class='ocrx_word' id='word_1_253' title='bbox 1881 3550 2104 3627; x_wconf 91' lang='lat' dir='ltr'>scriptis</span> <span class='ocrx_word' id='word_1_254' title='bbox 2123 3549 2272 3606; x_wconf 90' lang='lat' dir='ltr'>adhi-</span> 
     </span>
     <span class='ocr_line' id='line_1_35' title="bbox 350 3653 2268 3730; baseline -0.004 -18"><span class='ocrx_word' id='word_1_255' title='bbox 350 3656 493 3727; x_wconf 87' lang='lat' dir='ltr'>bita,</span> <span class='ocrx_word' id='word_1_256' title='bbox 545 3674 659 3712; x_wconf 89' lang='lat' dir='ltr'>non</span> <span class='ocrx_word' id='word_1_257' title='bbox 715 3655 1265 3730; x_wconf 89' lang='lat' dir='ltr'>comprehendantur</span> <span class='ocrx_word' id='word_1_258' title='bbox 1319 3653 1794 3711; x_wconf 89' lang='lat' dir='ltr'>monasteriorum</span> <span class='ocrx_word' id='word_1_259' title='bbox 1841 3658 1994 3710; x_wconf 89' lang='lat' dir='ltr'>extra</span> <span class='ocrx_word' id='word_1_260' title='bbox 2045 3667 2268 3707; x_wconf 91' lang='lat' dir='ltr'>omnem</span> 
     </span>
    </p>
   </div>
  </div>
 </body>
</html>
