2340 3990
369 227 458 272 552
1043 218 1340 269 TRACTATUS
1371 217 1437 264 DE
1468 217 1596 264 PAPA
1606 251 1618 262 .

366 335 490 390 Istae
514 339 703 390 tamen
730 325 975 387 rationes
1009 345 1120 384 non
1142 327 1406 384 videntur
1435 324 1683 383 divinam
1719 325 2090 384 conciliorum
2129 329 2302 394 insti-f
2335 336 2340 397 i

367 433 643 489 tutionem
668 429 919 501 rigorose
941 427 1200 501 probare.
1229 426 1364 482 Nam
1400 424 1552 500 quod
1578 423 1824 499 Apostoli
1851 419 2297 499 pluraconciliaii
2335 413 2340 485 i

369 527 798 594 celebraverint,
853 526 1175 600 contingere
1229 525 1412 600 potuit
1465 524 1634 581 etiarn
1692 523 1751 578 in
1803 524 2093 598 hypothesi
2140 516 2340 600 quodsi

365 629 618 686 Christus
649 627 791 683 nihil
826 629 929 684 hac
959 626 1027 682 de
1068 621 1128 682 re
1164 624 1449 682 docuisset
1481 629 1580 680 aut
1610 622 2064 698 praescripsisset.
2111 624 2166 680 Si
2202 643 2291 699 vag
2325 659 2340 690 ,ξ

367 729 508 784 leret
541 745 571 783 e
611 727 771 802 praxi
807 726 1194 802 apostolorum
1235 725 1305 780 ad
1342 723 1592 779 divinam
1626 722 2046 779 institutionem
2084 722 2283 799 illatio,
2336 762 2340 766 -

370 833 702 902 sequeretur
727 825 1104 883 institutionis
1131 823 1331 881 divinae
1360 823 1533 880 fuisse
1565 821 1843 896 quidquid
1870 822 2108 896 apostoli
2135 840 2287 896 pere-
2337 862 2340 875 ἰ

369 933 594 1001 gerunt3
614 927 762 999 quod
781 925 1075 982 manifeste
1090 924 1296 981 falsum
1320 928 1426 980 est.
1443 923 1582 980 Item
1599 910 1953 980 verbaVisum
1972 928 2048 978 est
2068 919 2289 995 Spiritui
2305 907 2307 910 Α
2324 966 2340 1000 3

370 1034 552 1082 scmcto
593 1033 643 1081 et
683 1027 832 1081 nobis
865 1025 1146 1081 intentum
1185 1042 1298 1080 non
1325 1023 1586 1098 probant,
1619 1022 1750 1097 quia
1786 1021 2131 1090 referuntur,
2178 1035 2302 1088 nous
2338 1027 2340 1030 ⁴

371 1125 439 1181 ad
465 1126 677 1182 factum
710 1124 1102 1181 celebrationis
1127 1122 1372 1190 concilii,
1405 1121 1499 1179 sed
1525 1122 1595 1177 ad
1621 1121 1762 1178 ritus
1790 1121 2044 1195 judaicos
2072 1122 2138 1177 de
2173 1121 2288 1196 qui-

371 1226 477 1282 bus
501 1225 940 1299 disceptabatur.
965 1223 1177 1279 Pariter
1211 1221 1375 1278 verba
1395 1221 1596 1277 Christi
1623 1221 1714 1278 Ubi
1740 1222 2063 1293 suerintcluo
2084 1220 2162 1276 vel
2182 1225 2318 1277 tres)

372 1327 742 1397 conyreyati...
775 1325 1007 1396 (Matth.,
1044 1343 1181 1394 xvni,
1216 1342 1268 1379 v.
1304 1321 1424 1395 20),
1462 1339 1562 1395 per
1590 1339 1648 1377 se
1678 1322 1973 1393 designant
2008 1320 2307 1394 quaslibet<

369 1424 626 1479 fidelium
670 1423 728 1477 in
769 1422 1000 1478 nomine
1042 1421 1244 1478 Christi
1285 1421 1676 1487 adunationes,
1714 1426 1880 1492 atque
1928 1421 2081 1492 ipsos
2121 1421 2285 1476 etiam

368 1524 734 1579 foeminarum
774 1523 838 1578 ad
892 1522 1168 1578 orandum
1204 1525 1531 1588 conventus,
1578 1520 1675 1594 qui
1718 1538 1852 1576 sane
1895 1519 2130 1575 concilia
2172 1538 2307 1577 non-

370 1630 523 1681 sunt.
564 1623 715 1689 Quod
765 1627 954 1678 autem
998 1622 1184 1678 Patres
1225 1622 1394 1677 verba
1431 1622 1546 1676 haec
1577 1620 1645 1676 de
1681 1619 1933 1676 conciliis
1974 1618 2290 1694 specialiter

369 1724 770 1789 intellexerint,
807 1727 892 1778 est
914 1721 1313 1795 gravissimum
1357 1740 1386 1779 e
1425 1720 1728 1805 traditione
1768 1724 2188 1794 argumentum,
2233 1724 2292 1777 ut

373 1842 501 1879 mox
531 1822 770 1878 dicetur.

453 1922 507 1977 2⁰
555 1920 801 1976 Concilia
841 1938 954 1975 non
995 1924 1127 1976 sunt
1169 1918 1541 1975 institutionis
1585 1918 1786 1976 divinae
1824 1919 2006 1991 quoad
2048 1918 2322 1975 celebra-'

373 2019 542 2075 tionis
570 2019 801 2074 modum
834 2023 931 2073 aut
955 2022 1199 2090 tempus
1224 2049 1293 2056 —
1314 2016 1450 2071 Nam
1492 2016 1537 2072 si
1573 2017 1826 2073 Christus
1866 2016 2131 2091 apostolis
2159 2033 2292 2090 prae-

373 2119 711 2192 scripsisset,
756 2118 911 2174 verbi
958 2118 1156 2191 gratia,
1196 2117 1421 2174 concilii
1477 2118 1807 2174 oecumenici
1860 2108 2292 2174 celebrationem

371 2216 619 2290 quolibet
654 2215 1043 2290 quinquennio
1075 2220 1172 2270 aut
1208 2214 1497 2284 decennio,
1535 2215 1755 2271 concilii
1781 2233 1908 2271 vero
1936 2213 2312 2291 provincialis,

373 2317 624 2390 quolibet
652 2316 878 2373 biennio
909 2321 1004 2372 aut
1045 2315 1313 2386 triennio,
1337 2315 1422 2371 vel
1460 2315 1594 2389 quid
1623 2316 1828 2382 simile,
1864 2317 1933 2372 de
1969 2316 2073 2372 hoc
2105 2314 2286 2371 divino

373 2422 651 2492 praecepto
695 2400 1047 2491 frequentem
1094 2415 1440 2472 mentionem
1484 2414 1813 2472 exhiberent
1838 2415 2065 2488 antiqua
2093 2433 2288 2470 monu-

375 2524 581 2583 menta,
625 2523 679 2573 et
725 2517 1064 2590 regulariter
1103 2515 1411 2573 celebratas
1453 2515 1695 2590 synodos
1736 2514 1957 2571 statutis
1999 2533 2029 2570 a
2077 2513 2287 2570 Christo

372 2617 720 2690 temporibus
777 2616 1014 2672 historia
1068 2615 1446 2672 ecclesiastica
1498 2620 1817 2670 testaretur.
1878 2616 2026 2670 Idem
2085 2614 2173 2669 dic
2227 2593 2340 2669 dest

374 2716 541 2771 modo
583 2734 682 2772 seu
723 2715 791 2771 de
827 2716 1009 2771 forma
1044 2714 1293 2788 qualibet
1338 2732 1447 2769 non
1484 2713 1865 2769 substantiali.
1911 2713 2080 2769 Porro
2127 2728 2306 2769 secus*

375 2833 496 2871 sese
522 2833 612 2871 res
649 2814 836 2871 habet.
2282 2790 2302 2804 '⁸

453 2915 505 2970 5⁰
532 2913 775 2970 Concilia
804 2918 934 2970 sunt
956 2910 1329 2970 institutionis
1357 2910 1558 2967 divinae
1587 2911 1770 2984 quoad
1805 2910 2196 2967 substantiam.
2222 2917 2307 2964 -’-’-.
2336 2940 2340 2948 ·

369 3015 505 3069 Nam
539 3014 801 3085 concilia,
831 3014 1064 3070 fuerunt.
1100 2997 1163 3068 cle
1204 3014 1345 3085 facto
1387 3010 1756 3085 praecipuum,
1797 3015 1923 3084 post
1966 2999 2286 3083 supremam
2338 3042 2340 3048 ·

368 3114 602 3170 Romani
628 3114 913 3170 Pontificis
941 3118 1293 3188 potestatem,
1323 3110 1698 3184 gubernandae
1723 3109 1980 3164 Ecclesiae
2002 3109 2249 3165 medium
2269 3095 2307 3162 ἶ·

370 3212 526 3287 atqui
567 3212 777 3268 factum
817 3213 964 3268 istud
1004 3212 1250 3269 divinam
1293 3209 1709 3266 institutionem
1754 3209 1937 3282 arguit
1974 3231 1985 3263 ε
2033 3226 2183 3282 ergO.
2216 3235 2289 3248 —-

370 3313 643 3369 Probatur
688 3311 910 3385 major:
966 3311 1244 3385 «Semper
1284 3309 1457 3374 enim,
1512 3307 1589 3364 ait
1627 3307 2023 3375 Bellarminus,
2081 3308 2187 3363 fuit
2228 3305 2284 3360 in
2336 3322 2340 3373 ².

372 3411 617 3469 Ecclesia
659 3410 763 3466 ista
793 3410 1163 3482 consuetud0‚
1209 3413 1273 3463 ut
1308 3408 1377 3463 ad
1410 3425 1500 3464 res
1540 3406 1739 3463 dubias
1776 3407 2132 3481 explicandas
2165 3396 2290 3479 con-J
2336 3438 2340 3443 -

372 3513 501 3570 cilia
538 3512 939 3588 Episcoporum
981 3510 1346 3565 haberentur.
1389 3509 1452 3562 Et
1490 3507 1597 3582 ipsi
1634 3508 1802 3563 etiam
1842 3505 2078 3563 Romani
2108 3501 2284 3560 Ponti-
2317 3493 2340 3573 ‘f

368 3612 502 3670 tices
529 3611 750 3668 nullam
777 3628 1029 3685 unquam
1057 3608 1316 3665 haeresim
1343 3626 1538 3665 novam
1568 3608 1688 3664 sine
1715 3625 1857 3664 novo
1881 3604 2116 3662 concilio
2141 3603 2288 3659 dam·
2336 3601 2340 3641 ἒ
