2340 3990
842 322 971 369 PARS
997 322 1214 385 oc‘rm.
1280 310 1282 313 ’
1892 320 1979 376 427

89 432 395 492 finitionem
434 428 824 504 dogmaticam,
865 430 1074 487 scilicet
1106 450 1118 484 :
1165 429 1223 485 id
1260 428 1406 502 quod
1443 426 1822 502 praescribitur
1850 438 1976 484 ‘non

90 546 211 588 esse
241 528 712 603 peccaminosum‚
749 527 845 583 sed
872 527 1081 583 bonum
1108 524 1394 587 moraliter
1417 533 1471 582 et
1501 525 1656 582 utile.
1688 523 1861 597 Igitur
1886 541 1978 581 ra-

91 625 239 682 tione
272 625 438 698 hujus
463 623 748 696 implicitae
774 623 1113 680 definitionis
1141 627 1256 698 jam
1292 623 1602 680 necessaria
1628 628 1710 679 est
1735 623 1971 679 Romani

91 719 370 776 Pontificis
411 719 779 788 confirmatiO,
810 738 871 776 ex
900 721 1064 776 dictis
1106 721 1209 776 sub
1235 718 1562 793 praecedenti
1599 718 1972 791 paragrapho.

91 816 357 872 Praeterea
391 818 484 890 jus
519 817 833 890 imperandi
860 818 1116 874 Ecclesiae
1158 817 1430 874 universae
1472 816 1711 890 pertinet
1749 814 1978 888 quidem

95 912 162 968 ad
202 913 422 968 concilii
461 914 730 985 generalis
762 915 970 985 Patres,
1005 914 1174 969 simul
1216 933 1343 969 cum
1381 913 1520 987 Papa
1558 913 1895 986 imperantes
1923 916 1979 966 et

95 1009 402 1084 disciplinae
435 1010 719 1067 decretum
747 1012 1072 1076 sancientes;
1109 1011 1384 1083 siquidem
1419 1010 1686 1084 apostolis
1720 1028 1849 1066 cum
1887 1009 1980 1064 Pe-

94 1111 180 1161 tro
207 1107 466 1162 adunatis
499 1108 636 1163 dixit
668 1107 915 1164 Christus
949 1110 1302 1180 quodcumque
1334 1110 1714 1179 liquamus-...3
1753 1106 1849 1163 sed
1889 1123 1983 1162 ne-

97 1221 377 1276 quaquam
404 1206 472 1260 ad
502 1205 651 1278 ipsos
674 1205 914 1276 pertinet
946 1210 1219 1275 quatenus
1244 1222 1275 1258 a
1306 1206 1447 1276 Papa
1475 1206 1752 1276 sejunctos
1785 1212 1837 1260 et
1863 1204 1983 1259 sine

94 1302 235 1374 Papa
266 1301 643 1356 decernentes.
674 1301 846 1355 Immo
880 1318 983 1355 nec
1010 1301 1326 1371 contingere
1357 1306 1538 1372 potest
1569 1307 1631 1356 ut
1663 1317 1857 1356 omnes
1891 1300 1981 1355 vel

97 1398 212 1453 fere
236 1416 427 1452 omnes
456 1399 728 1468 generalis
754 1398 974 1453 concilii
1006 1398 1190 1453 Patres
1222 1400 1558 1471 praetendant
1588 1398 1983 1471 obligatorium

101 1511 242 1558 esse,
287 1494 493 1565 absque
530 1493 808 1549 Pontificis
851 1495 1262 1568 approbatione,
1299 1495 1632 1551 universalis
1674 1495 1982 1568 disciplinae

102 1589 382 1645 decretum
412 1590 478 1644 ab
507 1590 640 1662 ipsis
682 1591 918 1657 editum;
954 1593 1022 1647 ob
1065 1592 1307 1647 rationes
1334 1594 1436 1647 sub
1472 1593 1800 1664 praecedenti
1834 1610 1989 1665 para-

103 1686 310 1758 grapho
346 1686 606 1742 deductas
643 1689 870 1744 relative
894 1690 960 1744 ad
983 1689 1331 1745 definitiones
1359 1689 1502 1745 fidei.
1532 1690 1594 1744 Et
1619 1690 1765 1746 idem
1801 1690 1988 1745 dicen-

103 1781 235 1836 dum
264 1783 330 1836 de
370 1785 549 1854 majori
584 1794 737 1856 parte
767 1787 1007 1853 concilii,
1048 1787 1094 1842 si
1127 1793 1471 1861 supponatur
1503 1805 1623 1843 eam
1651 1805 1834 1842 errare
1874 1803 1985 1842 non

105 1894 284 1950 posse,
324 1881 750 1952 competentiam
781 1900 937 1936 suam
971 1883 1490 1955 przetergrediendO.
1528 1883 1679 1945 Quod
1710 1883 1754 1937 si
1781 1882 1992 1937 contin-

102 1988 228 2043 gere
256 1974 423 2046 possit
448 1982 510 2030 ut
530 1979 650 2048 vnajt
670 1997 697 2031 r
717 1997 844 2049 pars
873 1979 977 2034 sibi
1012 1981 1106 2052 jus
1140 1980 1348 2035 tribuat
1381 2000 1488 2053 quo
1515 1986 1684 2051 caret,
1717 1998 1828 2036 non
1851 1979 1989 2035 ohli-

102 2066 250 2138 gabit
275 2085 340 2122 ex
364 2069 468 2124 hoc
498 2070 617 2142 ipso
639 2071 993 2144 disciplinare
1020 2074 1197 2146 ipsius
1226 2075 1534 2131 decretum.

108 2335 191 2388 55,
211 2359 262 2366 -
290 2338 396 2384 Quid
432 2342 673 2391 requiratur
702 2355 750 2383 ex
776 2348 897 2396 parte
927 2346 1087 2394 sermm,
1122 2353 1166 2387 ut
1203 2348 1375 2400 aliquod
1407 2348 1569 2388 dictum
1598 2349 1802 2400 generalis
1820 2349 1994 2391 concilii
2017 2363 2027 2375 =

343 2407 581 2448 habendum
609 2410 662 2449 sit
682 2423 756 2462 pro
771 2411 1015 2458 definitione
1042 2414 1152 2461 fidei,
1178 2415 1229 2454 ad
1249 2415 1503 2455 credendum
1527 2416 1754 2467 obligante.

182 2546 506 2620 Requiritur
527 2557 578 2606 et
597 2553 800 2609 sufficit
823 2561 884 2610 ut
908 2556 1164 2624 formula,
1192 2576 1299 2631 qua
1319 2559 1558 2632 synodus
1583 2577 1683 2614 usa
1709 2565 1811 2625 est,
1841 2560 1990 2616 clare

106 2643 323 2701 denotet
346 2663 463 2701 rem
489 2649 706 2705 deliniri
732 2656 995 2725 tanquam
1023 2654 1323 2710 articulum
1350 2657 1476 2711 fidei
1503 2657 1571 2711 ab
1598 2657 1854 2712 omnibus
1876 2675 1989 2713 cre·

109 2742 374 2798 dendum.
409 2746 726 2818 Requiritur,
760 2749 1010 2822 inquam.
1039 2752 1093 2807 Si
1134 2753 1284 2808 enim
1311 2772 1373 2808 ex
1388 2755 1585 2808 ·verbis
1622 2755 1864 2822 concilii,
1894 2755 2001 2831 du:

0 2841 2 2901 ἶ
54 2915 59 2918 ¹
108 2839 265 2896 bium
297 2850 582 2899 remaneat
613 2863 683 2900 an
720 2864 908 2903 revera
937 2849 1122 2903 Patres
1161 2849 1450 2903 intendant
1478 2850 1696 2922 proprie
1739 2850 1996 2919 definire,

110 2956 172 2995 ac
196 2940 562 2996 conscientias
582 2943 651 2997 ad
673 2943 1012 2999 credendum
1039 2947 1436 3018 constringere,
1467 2947 1571 3002 hoc
1597 2947 1718 3020 ipso
1747 2965 1847 3002 nec
1874 2965 2001 3021 pro-

111 3035 230 3110 prie
259 3037 550 3106 definiunt,
590 3057 691 3094 nec
722 3041 1085 3096 conscientias
1118 3043 1184 3096 ad
1220 3044 1556 3098 credendum
1582 3044 2000 3116 constringunt.

109 3132 455 3203 Addidimus,
496 3145 545 3191 et
580 3139 796 3208 sufficit.
831 3138 884 3192 Si
927 3139 1075 3193 enim
1110 3157 1174 3195 ex
1214 3141 1452 3196 evidenti
1490 3141 1788 3196 verborum
1824 3159 1990 3196 sensu

110 3249 199 3288 res
228 3233 453 3289 definita
486 3234 654 3290 fuerit
691 3242 959 3309 tanquam
1002 3235 1312 3292 credendus
1340 3237 1467 3292 fidei
1514 3238 1803 3301 articulus,
1847 3236 1996 3291 insa-

114 3347 250 3386 num
281 3332 421 3388 soret
452 3332 506 3386 id
540 3334 723 3405 ipsum
749 3334 806 3389 in
834 3334 1066 3390 dubium
1095 3353 1372 3392 revocare.
1402 3336 1643 3391 Ulterius
1668 3352 1795 3390 vcro
1822 3333 1994 3405 quaeri

114 3433 313 3501 potest,
365 3448 618 3502 quaenam
666 3431 920 3487 formulae
964 3439 1115 3488 certo
1161 3451 1258 3489 seu
1302 3435 1600 3503 evidenter,
1650 3437 1702 3487 et
1744 3447 2000 3505 quaenam

115 3524 281 3584 dubie
311 3528 596 3583 dumtaxat
622 3529 748 3585 fidei
775 3529 1157 3586 definitionem
1184 3516 1532 3607 exprimant?
1563 3530 1886 3603 Respondeo
1913 3551 1926 3584 :

190 3623 231 3678 Ι.
264 3624 435 3688 Quam
471 3624 724 3698 plurimae
751 3631 883 3680 sunt
918 3625 1168 3680 formulae
1205 3627 1410 3699 quibus
1447 3632 1597 3682 certo
1627 3642 1689 3680 ac
1729 3624 2007 3681 evidenter
