2352 4126
932 343 1063 390 PARS
1092 342 1311 395 QUARTA.
2017 342 2076 388 25

190 449 437 522 Princeps
486 451 633 521 requi
690 449 1047 504 conscenderit
1087 451 1308 520 culmen,
1357 446 1712 519 reynandique
1752 465 1851 520 per
1898 465 2077 504 sacro-

188 555 422 603 sanctam
445 549 735 603 unctionem
759 549 1044 618 susceperit
1061 554 1394 620 potestatem,
1422 554 1632 602 ostensa
1656 550 1752 602 nos
1781 546 2077 618 Scriptura-

191 664 308 700 rum
350 647 602 702 evidentia
633 644 827 700 edocet.
866 642 1259 715 (Conciliorum
1284 644 1457 702 Mansi
1493 650 1628 702 tom.
1670 643 1755 711 XI,
1794 662 1849 718 p.
1880 643 2074 717 1028.)

190 742 516 797 Persuasum
565 757 693 812 ergo
731 738 1011 795 Toletanis
1050 739 1304 795 Patribus
1341 740 1596 812 reynandi
1633 746 1946 812 potestatem
1981 756 2080 811 per

189 845 571 894 sacrosanctam
612 839 911 892 unctionem
938 837 1153 908 suscipi.
1186 867 1256 875 —
1282 835 1565 892 Scribebat
1588 837 1656 892 ad
1686 835 1954 892 Basilium
1977 835 2079 890 im-

192 945 497 1011 peratorem
517 935 824 992 Ludovieus
849 933 1126 991 secundus
1144 932 1485 988 Francorum
1507 934 1650 990 Rex:
1681 934 1768 990 Ea:
1794 953 1895 1007 qua
1925 933 2082 1006 (Sede

194 1034 517 1108 Apostolica)
549 1035 801 1105 reynandi
818 1035 988 1106 priuS,
1031 1039 1081 1087 et
1106 1031 1443 1104 postmodum
1468 1033 1759 1103 imperandi
1800 1035 2085 1088 auctorita?-

195 1140 293 1186 tem
305 1132 568 1202 prosapiae
587 1137 782 1186 nostrae
804 1130 1139 1184 seminarium
1162 1129 1400 1199 sumpsit.
1426 1127 1561 1183 Nam
1581 1127 1906 1183 Francorum
1928 1132 2078 1200 prin-

194 1230 325 1302 cipes
350 1229 516 1301 primo
570 1245 734 1299 reyes,
765 1228 948 1283 deinde
974 1230 1313 1300 imperatores
1338 1225 1461 1279 dicti
1483 1233 1605 1280 sunt
1629 1227 1665 1279 ii
1692 1225 1965 1281 dumtaxat
1992 1232 2079 1299 qui

193 1343 225 1380 a
264 1325 496 1382 Romano
534 1325 800 1407 Pontifice·
836 1326 904 1381 ad
944 1327 1036 1380 hoc
1085 1325 1196 1380 oleo
1246 1332 1428 1379 sancto
1467 1325 1670 1395 perfusi
1714 1331 1855 1378 sunt.
1900 1325 2079 1397 (Apud

187 1423 434 1489 Bianchi‚
463 1423 603 1480 della
632 1424 844 1481 Potesta
868 1423 1011 1480 della
1034 1423 1247 1495 Chiesa‚
1279 1428 1317 1477 t.
1360 1422 1426 1492 ΙΙ,
1456 1441 1511 1497 p.
1538 1421 1673 1492 551,
1709 1422 1840 1477 edit.
1870 1423 2073 1489 Romae,

190 1520 381 1592 1745.)
411 1521 739 1577 Persuasum
767 1538 895 1593 ergo
926 1520 1199 1577 Ludovico
1225 1519 1289 1586 ΙΙ,
1319 1519 1416 1593 qui
1438 1537 1567 1575 sane
1587 1519 1785 1575 irrisus
1811 1537 1922 1574 non
1947 1519 2074 1585 fuit,

187 1633 344 1689 reges
380 1617 563 1673 Galliae
599 1635 758 1673 suam
794 1616 1062 1691 regnandi
1102 1621 1155 1672 et
1191 1616 1504 1690 imperandi
1544 1622 1869 1691 potestatem
1914 1617 2077 1673 initio

188 1714 455 1787 recepisse
492 1733 521 1770 a
558 1715 693 1771 Sede
726 1714 1061 1789 Apostolica;
1108 1731 1211 1770 nec
1241 1715 1378 1770 alios
1415 1714 1565 1786 regis
1603 1720 1697 1770 aut
1729 1713 2079 1787 imperatoris

194 1810 422 1864 nomine
448 1817 797 1884 nuncupatos
823 1811 1018 1879 fuisse,
1065 1830 1233 1884 quam
1267 1810 1365 1883 qui
1401 1829 1431 1866 a
1455 1811 1700 1867 Romano
1722 1808 1980 1865 Pontitice
2011 1810 2079 1864 ad

195 1907 286 1960 hoc
315 1906 430 1960 oleo
455 1912 648 1962 sancto
666 1907 877 1979 perfusi
900 1915 1050 1964 sunt.
1073 1941 1141 1948 —
1159 1910 1309 1964 Alter
1327 1910 1669 1964 Francorum
1690 1908 1823 1973 Rex,
1853 1907 2077 1962 Carolus

192 2004 405 2071 CalvuS,
435 2004 511 2059 ita
533 2022 718 2060 coram
748 2004 1052 2061 Galliarum
1077 2006 1411 2078 praesulibus
1438 2008 1843 2079 protestabatur
1867 2007 1922 2060 in
1950 2024 2077 2061 con-

191 2099 315 2153 cilio
349 2098 592 2154 Tullensi
625 2122 636 2153 ε
675 2101 874 2156 Wenilo
903 2105 958 2156 in
989 2104 1191 2158 dioecesi
1224 2123 1391 2161 sua...
1420 2123 1501 2159 me
1532 2123 1704 2173 reyem
1735 2106 2072 2168 consecravit,

188 2204 238 2250 et
266 2198 320 2250 in
347 2199 490 2267 requi
514 2200 762 2268 reqimine
789 2200 1064 2255 chrismate
1089 2220 1238 2256 sacro
1252 2205 1600 2274 perunoeit...,
1632 2210 1679 2256 et
1709 2204 1760 2255 in
1780 2203 1921 2272 requi
1946 2202 2074 2255 solio

187 2294 505 2358 sublimavit,·
538 2313 570 2349 a
597 2314 698 2366 qua
720 2299 1220 2363 consecratione‚vel
1247 2301 1390 2369 reyni
1408 2301 1723 2353 sublimitate
1746 2300 2076 2372 supplantari

188 2391 265 2445 vel
297 2394 483 2463 projici
521 2411 553 2447 a
594 2393 738 2447 nullo
772 2395 1066 2467 debueram,
1109 2397 1296 2451 saltem
1325 2399 1437 2451 sine
1482 2398 1749 2452 audientia
1794 2405 1843 2450 et
1877 2398 2072 2468 judicio

186 2490 562 2559 episcoporum,
600 2508 818 2561 quorum
847 2494 1133 2548 ministerio
1178 2496 1233 2548 in
1274 2513 1444 2566 reqem
1484 2514 1599 2550 sum
1636 2503 1984 2560 consecratus,
2027 2504 2075 2549 et

192 2587 275 2655 qui
303 2587 467 2641 throni
497 2587 593 2641 Dei
619 2595 739 2642 sunt
771 2589 914 2654 dicti,
948 2591 1003 2644 in
1033 2591 1211 2661 quibus
1247 2591 1383 2646 Deus
1424 2593 1586 2657 sedet,
1624 2600 1671 2647 et
1691 2611 1787 2664 per
1816 2611 1941 2663 quos
1978 2610 2075 2646 sua

192 2683 413 2739 decernit
450 2686 672 2756 judicia.
703 2684 932 2751 Quorum
948 2690 1185 2760 paternis
1221 2691 1624 2760 correptionibus
1655 2698 1705 2744 et
1730 2692 2075 2761 castiqatoriis

182 2778 392 2846 judiciis
418 2798 498 2834 me
532 2782 752 2837 subdere
795 2784 872 2854 fui
913 2792 1158 2856 paratim,
1197 2792 1244 2839 et
1284 2787 1338 2839 in
1374 2789 1624 2857 praesenti
1665 2806 1779 2841 sum
1815 2788 2070 2841 subditus.

196 2874 517 2944 (Concilium
554 2877 806 2934 Tullense
846 2880 914 2935 ad
959 2881 1301 2954 saponariaS‚
1348 2883 1545 2950 Labbe‚
1584 2891 1626 2939 t.
1671 2885 1801 2953 vtlt,
1843 2903 1896 2958 p.
1940 2885 2071 2947 679,

189 2969 317 3026 edit.
359 2971 606 3042 Parisiis,
651 2973 840 3048 1671.)
876 2976 1015 3032 Dum
1049 2978 1331 3035 contendit
1357 2997 1413 3035 se
1442 2999 1552 3036 non
1595 2982 1839 3054 potuisse
1878 2983 2076 3037 throno

187 3068 347 3140 dejici
387 3073 500 3124 sine
544 3072 809 3128 audientia
857 3081 906 3128 et
940 3076 1138 3147 judicio
1174 3076 1568 3150 Episcoporu-m,
1613 3079 1714 3134 hoc
1759 3079 1901 3152 ipsc,
1947 3098 2075 3135 cum

189 3166 356 3222 citato
399 3168 623 3241 lingone
680 3190 711 3227 a
738 3171 934 3228 Sancto
983 3173 1216 3246 Victore,
1259 3177 1537 3251 spirituali
1578 3179 1833 3251 potestati
1879 3178 2077 3233 tribuit

182 3261 275 3332 jus
318 3272 575 3320 terrenam
607 3268 876 3339 judicandi
914 3273 960 3326 si
986 3272 1120 3327 bona
1158 3291 1263 3328 non
1300 3276 1479 3345 fuerit.
1510 3275 1826 3347 Iterumque
1860 3277 1964 3331 hoc
1984 3276 2074 3347 jus

195 3359 497 3429 spiritualis
533 3367 822 3438 potestatis
863 3369 1135 3441 agnoscit,
1182 3371 1315 3426 dum
1361 3390 1419 3428 se
1459 3373 1748 3428 subditum
1787 3373 2074 3446 profitetur

193 3451 583 3529 Episcoporum
620 3466 1030 3536 correptionibus
1062 3474 1112 3522 et
1145 3471 1488 3539 castiqatoriis
1520 3472 1750 3543 Judiciis.
1785 3501 1854 3510 —
1879 3470 1999 3522 Jam
2026 3467 2073 3521 si

192 3554 403 3606 veteres
440 3554 664 3614 rituales
700 3559 873 3618 libros
905 3563 1246 3637 aperiamuS,
1274 3566 1586 3624 videbimus
1620 3570 1730 3623 duo
1766 3561 2072 3620 necessaria

194 3648 431 3720 supponi
472 3656 532 3705 ut
567 3655 692 3725 quis
724 3658 929 3732 regiam
961 3660 1285 3734 dignitatem
1315 3664 1735 3738 adipisceretur,
1778 3661 2073 3715 electionem
