2340 3990
879 306 999 355 ms
1028 304 1247 366 Quium.
1906 301 1995 348 215

142 394 317 453 rietur
369 393 618 468 ipsorum
664 390 982 466 quemlibet,
1035 393 1131 446 aut
1186 384 1469 444 schismati
1530 381 1846 449 adhaesisse,
1899 388 1998 440 aut

143 490 494 566 impedivisse
547 508 616 549 ne
662 488 823 547 Sedes
866 486 1173 563 Apostolica
1221 483 1562 561 spiritualem
1613 481 1995 541 auctoritatem

145 608 299 648 suam
353 594 652 654 exerceret,
708 592 805 644 aut
857 585 990 642 cleri
1046 591 1101 643 et
1152 584 1543 643 catholicorum
1594 585 1995 657 persecutorem

145 687 332 754 fuisse,
372 692 467 744 aut
508 687 774 742 haereseos
822 682 1113 749 fautorem,
1153 682 1237 740 vel
1285 682 1449 739 etiam
1491 678 1776 755 publicum
1812 678 1996 736 desen-

56 832 61 856 ,
147 801 346 841 sorem.
382 778 658 856 Ejusmodi
693 794 824 836 sane
864 777 970 834 duo
1009 776 1226 835 Henrici
1259 777 1584 847 Germaniae,
1616 775 1727 833 duo
1764 775 1998 851 impera·

146 887 288 939 tores
326 877 613 947 Frederici,
642 876 901 934 Henricus
935 875 1041 930 Vlll
1072 876 1276 949 Angliae
1315 877 1442 946 Rex,
1490 883 1544 933 et
1577 892 1699 950 quae
1730 873 1837 951 ipsi
1876 892 1999 932 suc-

147 977 308 1034 cessit
344 973 639 1038 Elisabeth,
686 989 894 1028 necnon
949 969 1213 1026 llenricus
1258 969 1344 1041 IV,
1396 975 1688 1044 antequam
1745 971 1998 1029 haeresim

146 1073 408 1147 ejurasset
431 1074 484 1125 et
502 1067 681 1124 Galliae
705 1067 966 1122 thronum
990 1064 1344 1121 ascendisset.
1359 1064 1438 1120 Ad
1459 1064 1830 1123 Childericum
1852 1066 1999 1142 quod

142 1170 351 1238 attinet,
374 1166 462 1224 cui
487 1166 748 1222 Summus
771 1163 1011 1219 Pontifex
1037 1162 1292 1236 Pipinum
1318 1162 1626 1233 substituit,
1654 1181 1999 1240 nequaquam

142 1266 195 1323 id
216 1271 488 1340 peractum
520 1282 586 1321 ex
611 1280 771 1319 causa
800 1260 1050 1335 religioni
1078 1267 1347 1318 extranea.
1384 1261 1491 1318 «Et
1517 1261 1701 1334 quand
1725 1261 1804 1320 les
1833 1263 1998 1320 Fran-

142 1364 273 1435 caiS,
338 1362 517 1436 inquit
563 1359 854 1418 cardinalis
900 1359 1209 1434 Duperron,
1264 1359 1571 1416 resolurent
1621 1359 1689 1417 de
1735 1359 2001 1417 destituer

143 1462 410 1520 Childeric
438 1469 490 1518 et
519 1466 713 1517 mettre
743 1459 909 1532 Pepin
939 1474 1008 1515 en
1043 1477 1142 1515 son
1179 1458 1311 1526 lieu,
1350 1446 1549 1516 encore
1584 1477 1692 1534 que
1730 1460 1782 1516 la
1813 1460 1997 1516 raison

146 1579 285 1635 pour
306 1559 540 1634 laquelle
561 1559 627 1614 ils
650 1557 923 1614 voulaient
939 1561 1055 1614 Oter
1082 1557 1345 1614 Childeric
1363 1557 1450 1614 fut
1476 1576 1578 1615 son
1604 1557 2000 1633 impertinence

148 1664 201 1714 et
226 1676 283 1714 sa
312 1656 588 1732 stupidite3
621 1653 968 1723 neanmoins,
1009 1655 1249 1711 d'autant
1280 1655 1482 1728 qu’elle
1516 1656 1757 1712 touchait
1793 1655 1845 1712 la
1870 1656 1998 1712 reli-

150 1755 276 1828 gion
300 1772 393 1828 par
414 1754 677 1819 accident,
706 1754 735 1808 a
761 1769 924 1807 cause
948 1769 1055 1823 que
1080 1752 1441 1810 l’imbecillite
1470 1753 1535 1811 de
1569 1753 1840 1810 Childeric
1866 1759 2000 1811 met-

151 1851 247 1908 tait
277 1851 327 1907 la
358 1851 395 1906 F
399 1869 558 1908 rance
578 1867 645 1907 en
671 1848 874 1920 danger
897 1847 964 1903 de
991 1849 1183 1923 perdre
1219 1849 1269 1905 la
1294 1850 1523 1922 religion
1549 1850 1865 1908 chretienne
1899 1868 1998 1925 par

149 1949 426 2008 l'invasion
453 1950 546 2007 des
570 1946 842 2005 Sarrasins
871 1945 965 2019 qui
990 1947 1199 2005 avaient
1230 1949 1432 2023 occupe
1470 1953 1621 2004 toute
1646 1948 1910 2022 l’Afrique
1946 1954 1999 2005 et

146 2048 425 2122 l'Espagne
452 2055 504 2105 et
524 2049 712 2119 ravage
735 2046 854 2120 deja
881 2065 980 2120 par
1008 2046 1281 2120 plusieurs
1309 2046 1410 2103 fois
1434 2047 1484 2103 la
1512 2047 1732 2117 France3
1768 2053 1821 2105 et
1843 2046 1997 2103 d’ail-

143 2142 291 2198 leurs
316 2143 448 2216 qu'il
473 2143 735 2216 s'agissait
760 2143 825 2199 de
861 2143 1212 2200 l'absolution
1244 2143 1376 2200 d'un
1406 2150 1647 2200 serment
1670 2161 1738 2200 en
1773 2144 2000 2203 matiere

142 2238 207 2295 de
243 2239 579 2304 conscience,
623 2239 691 2295 ils
738 2257 805 2296 ne
846 2242 1139 2296 voulurent
1173 2240 1369 2314 jamais
1412 2241 1546 2298 faire
1589 2241 1920 2316 l'hommage
1969 2243 1999 2297 ὲ

139 2334 299 2409 Pepin
322 2354 423 2409 que
444 2336 493 2393 le
514 2337 648 2410 Pape
671 2354 738 2393 ne
762 2336 840 2393 les
871 2339 962 2393 eut
986 2337 1201 2407 absous,
1232 2343 1384 2393 etc...
1413 2359 1439 2390 n
1467 2338 1793 2411 (Harangue,
1822 2357 1875 2413 p.
1903 2339 1995 2409 25,

141 2429 269 2486 edit.
299 2431 364 2488 de
388 2432 553 2498 PariS,
585 2433 770 2505 1615.)
800 2433 1025 2489 Ubinam
1048 2451 1175 2507 ergo
1203 2434 1424 2509 papales
1453 2433 1856 2510 depositionum
1883 2451 2001 2491 sen-

141 2529 321 2585 tentiae
352 2530 419 2586 ob
452 2531 612 2587 aliam
645 2550 808 2607 quam
834 2532 1113 2606 religionis
1145 2532 1399 2589 causam?

215 2625 466 2696 Secund0‚
493 2629 637 2701 quod
657 2628 825 2702 aliqui
853 2629 1099 2687 doctores
1122 2630 1277 2706 Papae
1293 2631 1384 2704 jus
1412 2629 1709 2688 tribuerint
1729 2648 1886 2705 reges
1906 2630 1999 2688 de-

142 2724 376 2796 ponendi
403 2724 564 2780 etiam
588 2726 656 2782 ob
679 2726 841 2782 aliam
870 2745 1035 2800 quam
1065 2727 1366 2800 religionis;
1397 2727 1547 2784 verbi
1575 2729 1769 2802 gratia,
1806 2729 1874 2784 ob
1900 2747 2000 2803 pu-

144 2820 295 2877 blicae
327 2822 578 2879 utilitatis
620 2841 877 2894 causam,
921 2825 976 2880 id
1025 2825 1230 2898 privata
1273 2826 1522 2900 ipsorum
1564 2827 1749 2901 opinio
1787 2827 1926 2895 suit,
1970 2845 2001 2883 e

142 2919 453 2988 Parisiensi,
480 2927 540 2976 ut
573 2921 802 2995 videtur,
840 2923 1112 2979 Facultate
1144 2929 1283 2979 orta.
1325 2923 1410 2979 Sic
1440 2942 1638 2999 nempe
1674 2924 2000 2983 Parisiensis

143 3018 326 3075 doctor
359 3018 574 3074 Almain
603 3037 614 3071 :
648 3019 833 3075 «Dicit
871 3020 1064 3077 doctor
1096 3021 1173 3094 (id
1214 3027 1295 3078 est
1337 3021 1524 3095 Okam)
1557 3024 1702 3096 quod
1741 3024 1884 3099 Papa
1911 3044 2004 3099 po·

145 3118 247 3170 test
267 3115 643 3191 imperatorem
672 3117 938 3191 deponere
963 3118 1021 3174 in
1050 3118 1262 3175 duobus
1285 3120 1503 3177 casibus
1527 3121 1740 3196 :primo
1771 3141 1869 3196 pro
1897 3122 2003 3179 cri·

150 3211 293 3268 mine
315 3231 448 3287 pure
469 3215 756 3288 spirituali,
786 3222 847 3272 ut
875 3222 956 3273 est
985 3216 1238 3285 haeresis;
1271 3219 1543 3276 secundus
1565 3220 1783 3293 quando
1818 3221 1898 3275 illi
1932 3219 2000 3275 ad

151 3323 284 3379 quos
311 3315 508 3383 spectat
527 3312 651 3384 jure
671 3313 947 3370 ordinario
971 3320 1103 3371 sunt
1127 3315 1464 3389 negligentes
1495 3317 1679 3392 ipsum
1706 3318 1996 3392 deponere;

150 3402 293 3459 unde
315 3404 442 3461 dicit
474 3406 659 3465 doctor
685 3410 772 3485 (ΙΙΙ
793 3418 931 3486 part.
954 3412 1084 3468 dial.
1119 3413 1324 3488 11lib.),
1358 3415 1504 3488 quod
1538 3415 1922 3472 universaliter
1950 3412 1999 3468 si

151 3498 383 3572 negligat
413 3501 578 3574 judex
609 3507 883 3563 saecularis
919 3526 1170 3568 exercere
1202 3512 1646 3585 jurisdictionem
1680 3512 1872 3566 laicam
1900 3527 1999 3583 pro

150 3596 268 3653 loco
307 3604 357 3654 et
397 3603 655 3675 tempore,
691 3603 987 3663 devolvitur
1025 3615 1261 3684 poteslas
1308 3609 1594 3667 exercendi
1644 3609 1711 3663 ad
1756 3606 1998 3682 judicem
