2352 4126
906 309 1035 358 PARS
1070 309 1292 364 QUARTA.
1985 309 2044 355 55

75 411 78 413 ’
164 422 387 479 durabit
425 425 699 494 quantum
741 416 985 476 Ecclesia
1008 416 1274 484 Romana,
1303 431 1424 489 quae
1458 430 1781 486 supremum
1807 414 2042 487 gradum

165 519 222 574 in
259 517 573 591 principatu
609 518 778 581 tenet,
826 511 1024 568 Christi
1065 513 1320 568 fidelibus
1357 509 1648 584 expediens
1688 509 2038 582 judicaverit.

162 618 221 672 ln
252 634 359 689 quo
384 633 611 679 casn...,
634 609 884 668 videlicet
918 626 1018 683 pro
1047 610 1192 665 bono
1219 615 1368 666 statu
1400 607 1733 664 universalis
1768 607 2042 677 Ecclesiae,

163 713 382 768 videtur
403 709 649 766 Vicarius
674 704 875 763 Christi
903 705 1108 761 habere
1134 705 1540 779 plenitudinem
1565 704 1872 778 potestatis,
1901 726 1928 757 »

236 809 503 864 Evincunt
537 804 683 861 citati
722 805 923 867 textuS,
957 801 1164 856 sanctis
1203 802 1595 858 [lonaventurae
1624 819 1686 857 ac
1711 802 1931 858 Thomae
1962 802 2046 856 in-

163 906 461 963 dubitatam
497 902 669 959 fuisse
707 899 950 973 aliquam
990 898 1244 954 Ecclesiae
1284 898 1342 953 in
1375 917 1493 955 rem
1532 900 1896 974 temporalem
1938 906 2046 957 sta-

161 1007 318 1058 tuum
346 1004 692 1076 potestatem.

225 1259 249 1310 g
271 1257 308 1297 8.
335 1278 386 1286 —
410 1255 605 1296 Doctrina
632 1252 744 1295 Beati
773 1252 994 1304 Augustini
1018 1250 1252 1303 Triumphi,
1282 1249 1354 1302 qui
1382 1255 1424 1291 et
1455 1249 1716 1301 Augustinus
1742 1249 1793 1290 de
1814 1249 1978 1291 Ancona

982 1320 1119 1361 dictus
1141 1324 1217 1360 est.

234 1482 577 1554 Augustinus
596 1480 962 1552 Triumphus,
985 1476 1199 1534 ordinis
1227 1475 1462 1530 fratrum
1491 1475 1835 1531 eremitarun
1861 1474 2047 1530 Sancti

160 1580 471 1654 Augustini,
492 1580 560 1635 ob
579 1579 760 1635 locum
783 1576 1014 1651 originis
1034 1577 1392 1632 Anconitanus
1419 1575 1598 1630 vocari
1624 1574 1846 1639 solitus,
1871 1574 2048 1629 sancti

162 1682 375 1736 Thomae
398 1677 703 1752 discipulus
729 1682 781 1732 et
806 1676 1038 1745 amicus,
1069 1674 1397 1730 Parisiensis
1423 1672 1800 1729 universitatis
1833 1674 2043 1744 doctor,

166 1778 368 1851 quique
403 1775 654 1830 interfuit
689 1772 1042 1847 Lugdunensi
1083 1772 1317 1828 concilio
1363 1774 1494 1827 anni
1537 1772 1706 1840 1274,
1747 1771 1881 1826 adeo
1923 1789 2048 1825 san-

166 1878 308 1927 ctam
344 1871 509 1926 vitam
549 1871 657 1944 egit
692 1877 755 1927 ut
794 1872 1085 1926 Beatorum
1128 1871 1248 1925 albo
1290 1869 1525 1925 adscribi
1565 1869 1856 1924 meruerit.
1902 1870 2050 1923 inter

165 1967 325 2039 plura
366 1967 484 2039 ejus
523 1983 707 2039 opera,
751 1965 1090 2038 praecipuum
1128 1971 1210 2020 est
1250 1966 1396 2036 quod
1424 1983 1487 2020 ex
1534 1965 1789 2020 mandato
1820 1964 2048 2018 Joannis

162 2063 316 2134 Papae
349 2061 479 2114 XXII
513 2059 844 2134 composuit,
881 2059 1173 2132 eidemque
1200 2059 1446 2114 Pontifici
1486 2059 1773 2124 dedicavit,
1808 2060 2047 2132 inscrip-

167 2163 284 2212 tum
308 2156 384 2212 De
412 2164 666 2229 potestate
691 2157 1053 2220 ecclesiastica,
1079 2157 1454 2228 complectens
1482 2156 1814 2228 quaestiones
1838 2176 1950 2220 cxn,
1990 2156 2046 2210 in

161 2251 424 2307 articulos
470 2250 576 2306 470
613 2250 838 2306 divisaS.
877 2250 1037 2323 Typis
1065 2250 1278 2304 editum
1316 2251 1422 2305 fuit
1458 2252 1643 2305 Romze
1683 2270 1827 2306 anno
1874 2252 2041 2320 1479,

161 2367 291 2404 cura
329 2347 568 2420 religiosi
610 2347 899 2419 cujusdam
954 2347 1084 2402 dicti
1129 2348 1371 2413 ordiniS,
1417 2356 1578 2420 prout
1627 2348 1814 2404 videre
1864 2356 1945 2404 est
1988 2349 2043 2402 in

163 2447 408 2518 ejusdem
435 2446 692 2502 editionis
729 2447 973 2519 prologo.
1002 2446 1228 2502 Beatum
1255 2446 1628 2518 Triumphum
1656 2465 1785 2500 cum
1816 2464 2043 2501 venera-

158 2543 308 2599 tione
343 2549 562 2599 sanctus
597 2544 908 2601 Antoninus
940 2543 1292 2599 Florentinus
1328 2543 1798 2617 archiepiscopuS,
1838 2544 2044 2617 aliique

164 2656 423 2711 sequaces
445 2639 612 2695 citare
639 2638 906 2695 solebant.
931 2639 1026 2694 Ast
1055 2657 1119 2694 ex
1146 2657 1254 2711 quo
1281 2638 1516 2693 invaluit
1549 2639 1916 2711 gallicanismi
1954 2658 2045 2694 no-

159 2734 315 2799 vitaS,
343 2735 603 2808 paulatim
629 2754 766 2809 opus
801 2741 964 2810 atque
990 2742 1269 2791 auctorem
1311 2735 1536 2790 involvit
1565 2736 1786 2791 oblivio.
1815 2737 1873 2791 Ut
1913 2738 2045 2791 adeo

160 2831 381 2887 difficile
415 2850 563 2888 nunc
602 2833 829 2906 reperiri
857 2833 1029 2906 possit
1057 2833 1205 2889 Beati
1240 2834 1527 2906 Triumphi
1557 2840 1815 2889 tractatus
1846 2834 1923 2888 De
1956 2855 2046 2907 pu-

160 2935 343 2982 tescate
367 2929 723 2983 ecclesiastica.
745 2929 853 2986 Hac
874 2930 940 2986 de
963 2947 1152 2999 causa,
1178 2949 1396 2986 necnon
1426 2934 1591 2986 etiam
1621 2932 1689 2986 ob
1715 2931 1817 2985 viri
1845 2933 2045 2987 sancti-

159 3030 325 3079 tatem
353 3030 406 3081 et
432 3025 835 3092 auctoritatem,
868 3028 1033 3100 paulo
1074 3028 1332 3083 uberiora
1369 3036 1624 3102 excerpta
1655 3030 2040 3102 subjiciemus

156 3122 237 3176 An
265 3128 468 3188 autem,
490 3127 551 3178 ut
573 3123 831 3179 nonnulli
860 3124 1074 3194 volunt,
1100 3125 1348 3181 veritatis
1377 3132 1582 3181 metam
1607 3127 1925 3197 excesserit,
1955 3145 2044 3182 ex-

162 3219 466 3289 pendemus
499 3219 693 3275 ultima
723 3221 1006 3294 praesentis
1044 3221 1218 3294 partis
1255 3221 1522 3278 sectione.

233 3314 540 3389 Eaecerptum
567 3334 629 3372 ea:
656 3318 874 3389 epistola
903 3318 1245 3373 dedicatoria.
1271 3351 1339 3359 —
1363 3339 1390 3370 «
1414 3318 1773 3374 Sanctissimo
1800 3338 1861 3375 ac
1891 3337 2042 3374 reve-

163 3409 484 3467 rendissimo
510 3413 568 3468 in
595 3414 811 3471 Christo
849 3415 992 3470 Patri
1025 3432 1087 3470 ac
1116 3415 1343 3471 Domino
1370 3415 1606 3471 Johanni
1646 3417 1830 3472 divina
1861 3415 2039 3490 provi-

163 3503 344 3559 dentia
368 3499 531 3581 ‘Papae
559 3511 708 3581 XXII,
743 3512 912 3568 frater
929 3512 1269 3584 Augustinus
1312 3513 1380 3568 de
1408 3514 1655 3583 Ancona,
1687 3514 1899 3569 ordinis
1935 3511 2039 3564 sra-

167 3606 316 3654 trum
355 3600 741 3661 heremitarum
766 3606 949 3662 Sancti
975 3606 1289 3680 Augustini,
1335 3625 1463 3663 cum
1502 3609 1657 3663 omni
1690 3605 1957 3661 famulatu
1984 3608 2038 3659 et
