2340 4062
273 320 332 364 5⁶2
598 353 606 361 .
945 311 1247 363 TRACTATUS
1277 311 1344 358 DE
1374 312 1526 359 PAPA.

270 424 394 481 reni
421 424 594 481 simul
620 430 673 481 et
695 423 936 482 coelestis
965 418 1212 496 imperii,
1245 419 1395 495 quod
1431 420 1609 496 possit
1645 421 1715 476 ad
1750 421 1975 481 lihitum
2013 444 2182 483 suum

268 522 337 580 de
387 523 553 580 bonis
601 523 939 580 clericorum
985 524 1041 576 et
1077 519 1256 576 multo
1298 520 1492 578 minus
1532 520 1810 577 laicorum
1851 522 2183 599 disponere3

264 623 519 697 quamvis
553 621 781 679 concedi
823 619 1019 675 debeat
1055 618 1208 693 quod
1237 619 1406 677 habet
1441 619 1500 676 in
1534 620 1614 677 eis
1648 620 1966 679 dominium
1998 625 2186 698 regiti-

260 740 418 791 vum,
444 719 800 789 directivum,
820 717 1220 792 regulativum‚
1244 723 1298 776 et
1323 718 1727 776 ordinativum.
1751 741 1778 772 »
1799 719 1899 796 (De
1915 719 2190 778 Potestate

265 820 415 883 eccl„
446 815 659 872 consid.
688 815 801 883 ΧΠ.)
2001 821 2004 825 ’

342 915 681 971 «Postremo
727 914 846 970 suis
884 932 943 971 se
984 915 1246 973 terminis
1293 915 1366 973 ita
1423 934 1482 974 se
1516 913 1761 992 potestas
1806 916 2181 975 ecclesiastica

262 1018 534 1084 coerceat,
564 1018 627 1069 ut
652 1013 975 1070 meminerit
1002 1019 1336 1089 potestatem
1366 1017 1696 1074 saecularem
1725 1017 1894 1074 etiam
1924 1019 2074 1094 apud
2099 1019 2183 1075 in·

257 1110 450 1168 fideles
489 1130 591 1167 sua
628 1105 832 1169 habere
866 1112 1095 1188 propria
1132 1114 1284 1188 jura,
1320 1131 1450 1170 suas
1492 1114 1663 1188 legeS‚
1711 1134 1814 1172 sua
1846 1116 2080 1190 judicia,
2116 1117 2181 1173 de

256 1210 466 1285 quibus
493 1228 768 1286 occupare
794 1229 853 1267 se
888 1211 1264 1269 ecclesiastica
1292 1217 1539 1287 potestas
1573 1231 1685 1269 non
1712 1220 2036 1288 praesumat,
2069 1215 2180 1272 nisi

261 1310 396 1366 dum
430 1311 708 1368 redundat
739 1310 950 1366 abusus
978 1311 1264 1369 saecularis
1293 1312 1584 1387 potestatis
1609 1312 1669 1368 in
1695 1313 2180 1388 impugnationem

252 1409 379 1466 fidei
415 1415 469 1466 et
512 1410 920 1485 blasphemiam
961 1411 1252 1482 creatoris,
1294 1416 1347 1468 et
1387 1411 1447 1467 in
1489 1411 1846 1469 manifestam
1888 1413 2179 1487 potestatis

251 1510 635 1566 ecclesiasticae
661 1509 926 1583 injuriam
955 1531 967 1564 :
997 1515 1135 1568 tunc
1164 1511 1320 1568 enim
1343 1512 1718 1570 ecclesiastica
1739 1518 1982 1587 potestas
2009 1513 2177 1570 habet

249 1609 566 1666 dominium
613 1610 894 1684 quoddam
933 1609 1257 1682 regitivum‚
1301 1610 1654 1681 directivum,
1696 1612 2079 1686 regulativum
2122 1618 2174 1668 et

249 1709 650 1766 ordinativum.
676 1731 704 1763 »
735 1710 893 1782 (Loco
924 1708 1141 1783 citato.)

328 1830 357 1862 «
389 1807 592 1864 Omnes
619 1809 897 1874 homineS‚
924 1808 1212 1883 Principes
1240 1814 1293 1864 et
1325 1808 1418 1864 alii
1447 1809 1853 1883 subjectionem
1882 1809 2089 1864 habent
2106 1809 2175 1865 ad

244 1906 446 1981 Papam
480 1906 537 1961 in
573 1912 850 1981 quantum
890 1924 1088 1962 eorum
1118 1905 1634 1979 jurisdictionibus,
1677 1907 2090 1981 temporalitate
2122 1913 2170 1963 et

245 2004 494 2061 dominio
522 2005 678 2060 abuti
711 2005 915 2060 vellent
945 2010 1138 2061 contra
1168 2006 1351 2078 legem
1382 2004 1629 2060 divinam
1665 2011 1718 2062 et
1744 2007 2057 2062 naturalem
2075 2027 2087 2069 ;
2120 2013 2171 2063 et

243 2109 424 2180 potest
450 2105 817 2179 superioritas
843 2104 941 2160 illa
982 2104 1266 2160 nominari
1298 2109 1540 2178 potestas
1568 2104 1834 2161 directiva
1861 2110 1914 2159 et
1946 2105 2171 2161 ordina-

241 2204 353 2260 tiva
389 2204 577 2278 potius
607 2223 778 2277 quam
814 2203 1008 2259 civilis.
1051 2225 1078 2257 »
1113 2205 1280 2278 (Part.
1309 2203 1400 2272 IV,
1441 2220 1615 2258 serm.
1656 2202 1722 2257 de
1756 2221 1892 2277 pace
1927 2208 1979 2260 et
2022 2204 2165 2259 unit.

243 2302 587 2373 Graecorum,
614 2301 829 2358 consid.
861 2322 908 2373 v,
937 2306 1089 2355 tomo
1118 2301 1202 2370 IV,
1232 2319 1362 2375 pag.
1390 2299 1526 2369 600,
1552 2299 1683 2356 edit.
1711 2301 1939 2357 Parisiis
1969 2301 2165 2375 1606.)

319 2401 424 2457 XV.
469 2402 503 2456 J
509 2402 697 2455 acobus
737 2400 1032 2455 Almaz'nus.
1056 2401 1196 2456 —Is
1220 2400 1391 2455 etiam
1426 2400 1742 2456 auctoritati
1770 2400 2063 2457 Pontificiae
2085 2402 2169 2456 in-

240 2499 636 2566 fensissimus;
682 2504 932 2555 attamen
975 2500 1056 2556 sic
1092 2498 1294 2556 habet:
1334 2500 1694 2575 «Imperator
1730 2506 2055 2575 potestesse
2084 2501 2165 2557 di-

240 2616 388 2673 gnus
414 2598 759 2673 depositione
788 2598 1088 2673 dupliciter
1113 2619 1125 2654 :
1152 2618 1266 2655 uno
1296 2599 1461 2656 modo
1498 2605 1725 2675 propter
1757 2602 1970 2657 crimen
2007 2600 2166 2674 spiri·

238 2697 416 2767 male,
461 2702 525 2752 ut
567 2703 795 2772 propter
832 2697 1117 2765 haeresim,
1159 2698 1288 2772 quia
1335 2699 1628 2755 haereticus
1673 2703 1727 2755 et
1772 2698 2161 2755 schismaticus

241 2795 422 2851 utitur
456 2801 728 2871 potestate
748 2796 927 2852 suain
953 2795 1355 2853 detrimentum
1374 2797 1822 2854 christianitatis.
1851 2796 1971 2852 Alio
1995 2796 2160 2852 modo

238 2898 470 2966 propter
496 2892 708 2948 crimen
733 2893 912 2961 civile,
940 2897 1002 2947 ut
1026 2897 1160 2967 puta
1184 2894 1334 2966 quod
1357 2883 1590 2968 negligit
1615 2893 2012 2951 administrare
2037 2895 2161 2968 jus·

236 2992 443 3049 titiam.
474 2993 629 3049 Tunc
662 2992 704 3048 si
751 2994 1058 3067 imperator
1089 2993 1161 3050 sit
1190 2994 1395 3067 dignus
1437 2994 1782 3070 depositione
1807 2998 2034 3068 propter
2059 2993 2163 3048 cri-

240 3110 371 3147 men
412 3092 582 3166 primi
624 3092 873 3165 generis⁷
909 3097 1043 3166 puta
1087 3097 1313 3167 propter
1353 3092 1568 3149 crimen
1611 3092 1927 3166 spirituale,
1977 3095 2157 3165 potest

239 3190 443 3266 deponi
478 3210 508 3247 a
544 3192 712 3266 Papa,
743 3210 873 3248 cum
911 3192 1114 3248 habeat
1141 3192 1370 3267 plenam
1399 3195 1726 3266 potestatem
1760 3190 1819 3246 in
1849 3189 2155 3265 puniendis

241 3289 478 3364 peccatis
503 3289 907 3364 spiritualibus.
943 3311 969 3342 »
1004 3290 1104 3365 (De
1120 3290 1392 3346 Potestate
1416 3289 1539 3345 eccl.
1562 3296 1613 3344 et
1639 3290 1786 3359 laic„
1816 3307 1870 3361 q.
1902 3308 1955 3357 11,
1981 3287 2050 3343 ad
2070 3305 2162 3344 ca-

239 3395 342 3465 put
369 3409 451 3445 vm
479 3389 752 3462 Ochami.)
783 3389 972 3453 Quoad
998 3390 1364 3464 quaestionem
1398 3407 1469 3445 an
1509 3389 1654 3464 Papa
1697 3388 1878 3464 possit
1905 3387 2160 3445 subditos

240 3490 528 3548 absolvere
555 3509 586 3546 a
606 3491 931 3564 juramento
967 3491 1276 3563 fidelitatis,
1302 3495 1470 3564 negat
1491 3507 1655 3565 posse
1687 3507 1786 3565 per
1813 3489 2045 3545 modum
2074 3506 2163 3544 re-

240 3589 561 3658 laxationis;
595 3590 690 3646 sed
712 3589 964 3646 concedit
989 3591 1094 3646 hoc
1115 3607 1279 3665 posse
1306 3570 1515 3664 Papam
1542 3606 1643 3664 per
1668 3587 1897 3644 modum
1920 3587 2157 3643 declara-

244 3691 425 3762 tioni-3,
457 3706 557 3745 seu
585 3687 917 3746 declarando
942 3688 1039 3763 jus
1067 3687 1452 3746 subditorum:
1483 3711 1509 3742 «
1534 3688 1804 3746 Concesso
1830 3687 1984 3762 quod
2015 3687 2156 3760 Papa
