2340 3990
913 307 1043 355 PARS
1070 304 1271 361 QUINTA.
1945 299 2032 348 525

157 435 282 482 mus
310 415 572 491 (sectione
596 415 658 487 ΙΙ)
699 413 766 471 de
793 412 1019 472 remotis
1062 429 1092 468 a
1122 411 1215 468 Pio
1238 408 1321 465 vlt
1347 406 1605 465 omnibus
1637 405 1807 466 simul
1832 406 2029 464 Gallia·

155 531 285 571 rum
312 513 613 587 Episcopis.

227 611 576 665 PnAEnocmvzt
600 606 702 663 X[·.
722 638 795 648 -
812 606 1044 662 Romano
1067 605 1306 677 Pontifici
1323 605 1442 676 jure
1468 604 1640 659 (livino
1668 603 1907 674 competit
1926 619 2023 674 po-

154 713 333 770 testaS,
375 722 534 759 novas
557 704 794 758 dioeceses
825 701 1187 771 constituendi,
1218 707 1267 755 et
1291 702 1530 772 antiquas
1556 697 1902 769 restrinqendi
1938 697 2017 753 vel

152 805 305 857 etiam
349 800 719 873 supprimendi.
750 829 818 838 —
844 797 977 852 Nam
1012 798 1322 853 dioeceseon
1366 795 1721 853 territorialis
1761 794 2022 852 determi-

149 897 300 953 natio
339 915 435 952 seu
475 894 731 951 limitatio
777 912 889 951 non
933 899 1014 949 est
1050 893 1197 967 juris
1238 892 1430 958 divini,
1489 893 1583 949 sed
1625 892 2010 949 ecclesiastici.

146 994 318 1068 Igitur
347 993 549 1049 mutari
575 997 752 1067 potest
784 1010 813 1047 a
839 1010 1080 1064 suprema
1104 990 1356 1046 Ecclesiae
1386 996 1672 1064 potestate,
1703 1008 1825 1064 quae
1851 1007 2016 1064 penes

146 1091 454 1146 Romanum
478 1089 791 1145 Pontificem
818 1087 1039 1145 residet.
1071 1087 1177 1141 Nec
1199 1085 1494 1158 objiciatur
1514 1086 1731 1142 obstare
1757 1103 2015 1142 canones,

146 1186 302 1253 Nam,
335 1193 395 1242 ut
434 1205 597 1261 supra
626 1187 921 1259 probatum
945 1189 1047 1248 est,
1086 1182 1223 1255 ipsis
1251 1183 1422 1238 etiam
1451 1182 1902 1254 disciplinaribus
1929 1202 2020 1240 ca-

144 1283 383 1338 nonibus
420 1281 673 1355 superior
712 1286 795 1336 est
825 1279 1032 1353 papalis
1072 1278 1390 1334 auctoritas.
1418 1309 1488 1320 —
1519 1279 1784 1334 Praeterea
1822 1281 2014 1336 nullus

142 1375 441 1450 Episcopus
465 1375 909 1448 jurisdictionem
941 1374 1118 1432 valide
1143 1382 1321 1448 potest
1357 1392 1608 1431 exercere
1639 1374 1744 1430 nisi
1787 1375 1845 1430 in
1871 1375 2012 1431 illud

145 1474 487 1529 territorium
512 1475 645 1529 etin
682 1474 805 1529 illos
829 1473 1122 1545 subjectOS‚
1154 1490 1292 1546 quos
1322 1472 1430 1546 ipsi
1464 1473 1822 1545 assignaverit
1851 1466 2014 1548 Papa,

145 1572 229 1627 vel
262 1571 405 1626 alius
446 1572 511 1627 de
543 1572 698 1645 Papae
729 1588 1026 1627 consensu.
1074 1570 1246 1642 Igitur
1278 1571 1346 1625 ad
1391 1570 1590 1643 Papam
1622 1571 1859 1644 pertinet
1900 1571 2015 1627 sin-

144 1668 290 1739 gulis
314 1668 595 1742 Episcopis
625 1687 787 1725 suum
814 1668 1160 1724 territorium
1190 1674 1355 1741 prout
1385 1667 1487 1724 sibi
1521 1668 1703 1724 visum
1735 1669 1904 1724 fuerit
1934 1687 2020 1725 as-

145 1764 382 1838 signare.
411 1767 517 1821 Nec
538 1767 715 1821 obstat
739 1766 884 1838 quod
915 1766 1008 1820 alii
1035 1765 1287 1839 Episcopi
1322 1765 1752 1821 determinatum
1779 1767 2014 1841 quisque

145 1861 485 1917 territorium
510 1864 613 1918 sub
635 1862 1024 1935 jurisdictione
1052 1881 1150 1918 sua
1169 1863 1282 1934 jam
1313 1863 1568 1918 habea-nt.
1603 1863 1762 1931 Nam,
1791 1882 1856 1918 ex
1882 1881 2018 1937 prae-

144 1960 356 2014 cedenti
395 1960 768 2032 praerogativa,
802 1965 980 2033 potest
1017 1977 1111 2015 eos
1139 1978 1394 2015 summus
1439 1961 1699 2026 Pontifex,
1731 1961 1896 2017 ctiam
1938 1962 2021 2018 in-

146 2056 283 2112 vitos
310 2062 362 2111 et
388 2056 640 2113 innoxios
665 2057 956 2131 deponere.
979 2057 1150 2130 Igitur
1172 2062 1349 2131 potest
1377 2058 1512 2130 Papa
1540 2057 1799 2114 dioeceses
1827 2076 2018 2116 omnes

146 2152 381 2226 alicujus
411 2154 650 2225 regionis
679 2155 1052 2228 supprimere,
1093 2155 1358 2227 depositis
1394 2173 1585 2211 earum
1621 2156 1924 2231 EpiscopiS,
1970 2165 2024 2215 et

145 2267 312 2305 novas
353 2267 481 2305 cum
536 2251 641 2306 alia
681 2252 1200 2325 circumscriptione
1240 2269 1447 2307 creare.
1493 2254 1666 2325 Atque
1710 2255 1764 2310 id
1811 2256 2024 2329 peregi-t

146 2347 325 2418 quoad
351 2347 581 2403 Galliam
618 2349 744 2405 Pius
774 2350 877 2405 Vll.
912 2350 973 2404 Et
1002 2368 1029 2404 a
1059 2349 1276 2404 fortiori
1305 2355 1482 2422 potest
1519 2352 1659 2423 Papa
1694 2371 1859 2407 unam
1893 2354 2023 2410 dioe-

147 2444 316 2500 cesim
350 2425 699 2519 restringere,
741 2450 825 2504 vel
849 2449 1014 2504 etiam
1047 2449 1418 2522 supprimere,
1449 2455 1498 2504 et
1525 2452 1866 2508 territorium
1897 2454 2016 2526 ejus

146 2540 302 2595 alteri
333 2542 686 2615 conjungere.
1535 2621 1538 2625 .

217 2636 561 2693 PRAEnocArwA
605 2640 729 2695 xtla.
761 2674 835 2680 —
867 2641 1098 2697 Romano
1141 2643 1379 2715 Pontifici
1408 2646 1527 2715 jure
1565 2646 1734 2702 divino
1774 2651 2013 2720 competit

456 2736 780 2747 .....

145 2825 214 2880 Ea
240 2833 320 2881 est
357 2829 620 2883 ordinaria
653 2838 910 2902 potestas,
941 2851 1108 2904 quam
1138 2836 1283 2907 quis,
1325 2836 1376 2890 vi
1411 2838 1579 2891 officii
1623 2856 1721 2893 seu
1759 2841 2008 2896 muneris

144 2922 230 2976 sui
259 2925 632 2994 permanentis
658 2930 711 2981 et
749 2928 1009 2983 continuo
1043 2931 1351 3001 exercendi,
1378 2933 1587 2988 obtinet
1620 2934 1677 2988 in
1715 2941 1893 2991 certos
1920 2937 2012 2993 ho-

142 3019 321 3075 mines
357 3021 461 3076 sibi
494 3023 759 3089 subditos;
790 3043 953 3097 quam
992 3044 1191 3101 nempe
1220 3047 1329 3084 non
1369 3030 1531 3086 habet
1571 3050 1634 3087 cx
1665 3034 2009 3105 delegatione

141 3116 441 3188 superioris
467 3118 751 3188 ordinarii,
793 3123 886 3177 sed
928 3123 1179 3195 dignitati
1213 3142 1326 3180 suae
1354 3143 1642 3185 annexam.
1685 3131 1849 3202 Atqui
1886 3131 2010 3187 talis

140 3219 220 3267 est
252 3213 477 3270 Romani
514 3218 787 3274 Pontificis
828 3226 1068 3293 potestas
1110 3222 1166 3277 in
1210 3242 1401 3280 omnes
1443 3231 1496 3280 et
1521 3226 1767 3299 singulas
1806 3213 1996 3285 mundi

141 3308 418 3366 ccclesias.
456 3314 563 3386 Ipsi
602 3333 797 3390 nempe
830 3318 1040 3374 dictum
1074 3338 1103 3375 a
1145 3321 1379 3391 Christe,
1425 3323 1483 3378 in
1515 3324 1663 3379 Beati
1705 3326 1847 3380 Petri
1892 3344 2001 3399 per-

67 3461 72 3464 ,
141 3419 274 3458 sona
301 3425 311 3455 ε
340 3423 494 3477 pasce
519 3427 696 3480 cynos,
733 3431 890 3485 pasce
929 3433 1066 3482 ovea,
1102 3416 1156 3472 id
1184 3424 1285 3485 est,
1315 3436 1508 3474 omnes
1534 3420 1760 3475 omnino
1787 3421 1995 3478 fideles.

142 3497 249 3570 ipsi
275 3518 303 3554 a
330 3501 539 3558 Christo
577 3506 766 3564 collata
798 3510 955 3582 plena
992 3518 1046 3567 et
1079 3531 1319 3586 suprema
1355 3520 1594 3588 potestas
1631 3516 1997 3574 universalem

141 3594 437 3652 Ecclesiam
457 3604 731 3676 pascendi,
749 3607 973 3678 regendi
992 3626 1055 3665 ac
1077 3610 1442 3683 gubernandi;
1470 3628 1590 3683 quae
1607 3616 1868 3684 potcstaS‚
1892 3613 1999 3670 nisi
