2352 4126
993 371 1280 421 PROOEMIUM.
2044 383 2086 415 11

200 507 306 572 sed
341 507 531 570 solam
564 501 959 567 inerrantiam
987 501 1052 562 in
1087 499 1431 575 referendO,
1454 517 1562 560 seu
1590 495 2079 569 transcribendo,

201 632 310 675 seu
353 607 784 693 proclamando
820 604 1078 667 aliorum
1110 605 1316 667 fidem.
1352 603 1612 664 Proinde
1655 620 1778 663 non
1811 599 2083 661 verifica-

200 728 415 780 rentur
463 716 648 779 verba
699 711 947 788 Christi,
996 711 1200 791 roqavi
1245 719 1313 772 ut
1342 731 1462 772 non
1498 708 1726 792 deficiat
1774 707 1911 791 fides
1954 715 2079 770 tua.

199 823 513 905 Siquidem
551 839 662 883 vox
692 829 801 881 tva
843 819 1167 898 ipsammet
1202 817 1362 878 Petri
1399 818 1580 879 fidem
1632 816 1931 896 designat,
1961 833 2083 874 non

198 927 483 988 aliorum.
526 923 717 984 Immo
768 922 852 982 ibi
906 920 1288 1002 apertissime
1347 920 1694 981 infallibilis
1739 918 2085 980 declaratur

200 1031 348 1094 fides
378 1030 561 1104 Petri,
597 1036 899 1110 quatenus
944 1025 1433 1088 contradistincti
1474 1044 1506 1085 a
1534 1025 1771 1103 reliquo
1798 1022 2084 1085 Ecclesiae

196 1153 466 1216 corpore.
489 1132 832 1210 Nam,—5⁰,
856 1132 1026 1194 addit
1059 1131 1365 1193 Christus:
1399 1130 1479 1191 Tu
1494 1149 1628 1190 vcro
1655 1129 1934 1209 confirma
1957 1130 2083 1210 fra-

195 1250 306 1300 tres
344 1248 492 1300 tu03.
528 1237 801 1299 Christus
827 1257 1068 1319 nempe,
1107 1238 1379 1318 primum
1406 1244 1465 1296 et
1502 1235 1758 1311 directe,
1805 1232 2091 1292 infallibi-

196 1343 317 1404 lem
368 1344 637 1405 reddidit
675 1343 857 1404 fidem
895 1342 1093 1418 Petri;
1143 1341 1447 1423 siquidem
1481 1340 1675 1401 voluit
1708 1346 1778 1399 ut
1825 1338 1939 1398 ista
1967 1356 2090 1397 non

200 1448 444 1531 deficiat,
491 1458 548 1510 et
591 1458 660 1510 ut
708 1467 815 1529 per
859 1449 1040 1509 istam
1086 1448 1481 1531 confirmetur,
1517 1455 1577 1507 ct
1621 1464 1730 1525 per
1780 1442 2084 1523 ejusmodi

202 1555 722 1616 confirmationem
743 1555 1090 1616 infallibilis
1114 1555 1408 1615 reddatur
1440 1555 1701 1615 fratrum
1729 1572 1836 1614 seu
1864 1551 2086 1630 reliqui

193 1659 471 1721 Ecclesiae
495 1663 760 1741 corporis
787 1661 958 1723 fides,
989 1662 1119 1722 Jam
1137 1680 1297 1732 ver0,
1330 1661 1394 1720 in
1421 1667 1745 1740 systemate
1759 1658 1923 1739 quod
1944 1676 2079 1717 con-

197 1765 490 1839 futamus,
519 1767 752 1842 Petrus,
790 1786 897 1828 seu
922 1766 1224 1827 Romanus
1256 1764 1526 1826 Pontifex
1554 1784 1676 1825 non
1706 1764 2077 1824 constitutus

202 1868 417 1930 fuisset
447 1871 642 1951 quoad
681 1872 988 1951 propriam
1017 1890 1190 1931 suam
1229 1869 1411 1930 fidem
1455 1867 1820 1946 infallibiliS,
1858 1876 1916 1926 et
1938 1866 2080 1926 fidei

201 1973 463 2034 fratrum
522 1974 937 2047 confirmator3
981 1975 1086 2034 sed
1136 1982 1293 2034 esset
1325 1975 1640 2034 dumtaxat
1671 1972 1924 2047 canaliS,
1954 1974 2082 2052 jam

198 2076 583 2137 infallibilem
604 2077 866 2137 fratrum
886 2076 1067 2138 fidem
1086 2077 1530 2138 transfundens
1550 2102 1561 2150 3
1597 2087 1655 2137 et
1674 2079 1808 2138 ideo
1836 2085 2073 2138 tantum

198 2184 436 2262 propria
465 2183 655 2261 ipsius
694 2183 844 2243 fides
886 2192 1041 2243 esset
1078 2184 1457 2259 infallibilis,
1505 2184 1650 2263 quia
1692 2182 2080 2245 infallibilem

195 2287 456 2347 aliorum
485 2286 667 2348 fidem
692 2289 819 2367 ipse
851 2288 981 2349 sine
1006 2288 1362 2349 alteratione
1394 2288 1872 2363 transfunderet,
1905 2290 2085 2368 eique

199 2392 272 2451 ad
306 2393 588 2453 haereret.
621 2392 1098 2454 Confirmaretur
1135 2413 1354 2474 nempe
1402 2414 1433 2454 a
1469 2394 1757 2470 fratibus,
1801 2414 1923 2454 non
1958 2396 2087 2475 ipse

202 2496 421 2557 fratres
449 2497 852 2561 confirmaret.
889 2533 972 2542 —
1003 2498 1063 2558 4⁰
1089 2500 1355 2560 Romano
1390 2500 1664 2560 Pontifici
1690 2500 2085 2560 commissum

201 2611 289 2663 est
321 2602 591 2663 officium
638 2623 765 2664 oves
814 2612 873 2664 et
908 2623 1112 2685 a9n03,
1146 2624 1252 2666 seu
1312 2605 1616 2685 reliquam
1649 2613 1872 2685 praeter
1905 2614 2087 2685 caput

204 2704 557 2778 Ecclesiam,
581 2707 885 2785 pascendi.
906 2707 991 2767 Ad
1006 2708 1166 2788 quod
1187 2706 1462 2767 officium
1486 2708 1792 2787 imprimis
1823 2708 2101 2788 pertinet

205 2827 409 2868 veram
443 2809 668 2870 Christi
699 2809 879 2870 fidem
915 2811 1282 2872 infallibiter
1318 2812 1591 2892 praebere
1619 2832 1689 2873 ac
1737 2814 2082 2892 injungere.

199 2914 303 2974 Ast
352 2916 413 2974 in
465 2915 691 2976 absono
743 2925 1060 2998 systemate
1120 2918 1280 2998 quod
1331 2919 1744 2998 confutamUS,
1785 2920 2090 2980 Romanus

203 3018 476 3081 Pontifex
511 3040 632 3082 non
664 3031 937 3101 pasceret
979 3043 1115 3084 oves
1148 3026 1345 3104 quoad
1386 3025 1600 3101 fidem,
1638 3026 1745 3086 sed
1780 3028 1980 3106 potius
2013 3027 2087 3086 ab

206 3125 294 3185 eis
329 3135 700 3204 pasceretur.
734 3129 864 3207 Ipse
883 3129 1189 3209 siquidem
1215 3150 1338 3190 non
1369 3139 1522 3191 esset
1558 3132 1677 3191 nisi
1717 3132 2088 3192 instrumen-

207 3237 359 3305 tum,
394 3250 501 3310 per
544 3231 704 3311 quod
740 3231 890 3293 fides
934 3235 1139 3294 ovium
1175 3245 1553 3316 personaret.
1583 3234 1654 3296 Et
1692 3237 1838 3298 huic
1882 3238 2083 3297 ovium

211 3331 374 3409 fidei,
399 3334 521 3412 jam
557 3354 663 3415 per
689 3355 750 3396 se
790 3336 1123 3412 infallibili,
1158 3339 1285 3417 ipse
1333 3339 1589 3419 obsequi
1634 3348 1972 3401 teneretur.
2006 3374 2087 3382 ——

213 3432 267 3491 5⁰
298 3435 561 3499 Romano
590 3438 862 3501 Pontifici
901 3443 1192 3521 competit
1214 3441 1397 3523 plena
1428 3452 1487 3504 et
1521 3463 1795 3524 suprema
1827 3451 2084 3524 potestas

209 3539 614 3604 universalem
631 3543 958 3606 Ecclesiam
980 3547 1287 3626 pascendi,
1313 3549 1563 3629 regendi
1593 3558 1652 3609 et
1677 3546 2079 3628 gubernandi.

205 3639 430 3722 Estque
471 3645 530 3705 id
567 3647 781 3727 dogma
810 3651 1207 3731 catholicum,
1235 3654 1487 3714 omnino
1515 3662 1748 3714 certum
1779 3660 1830 3710 et
1876 3658 2083 3710 tenen-
