2340 3990
1452 221 1479 234 e

873 292 1003 340 PARS
1034 277 1245 338 0611111.
1914 286 2005 335 425

123 420 249 460 rum
275 401 486 458 intento
527 418 588 456 ac
612 399 919 456 certissima
950 398 1251 463 voluntate,
1277 394 1599 469 hujusmodi
1632 392 1876 449 definitio
1918 398 2004 451 est

121 501 472 558 solummodo
501 499 777 568 inchoata,
821 515 930 552 non
971 502 1157 552 autem
1199 492 1490 566 completa,
1524 491 1619 548 sed
1653 507 1749 565 per
1778 490 1998 566 Pontifi-

79 603 86 609 ‘
120 599 263 656 ciam
301 595 751 672 approbationem
783 593 1130 667 complenda.
1178 592 1242 647 Et
1289 591 1434 647 sicut
1471 596 1594 664 post
1627 593 1863 663 quatuor
1904 593 2001 645 aut

117 672 362 770 quinque
406 703 624 768 patrum
669 691 1135 765 subscriptionem
1195 688 1359 746 alicui
1405 689 1619 744 decreto
1670 687 1997 760 dogmaticO,

117 795 366 850 nondum
393 792 499 848 dici
533 796 705 865 potest
733 792 1015 847 decretum
1049 789 1198 849 istud
1236 806 1355 843 esse
1389 787 1590 843 concilii
1622 787 1994 856 definitionem,

117 890 192 945 ita
218 895 510 964 postquam
535 906 727 944 omnes
752 887 1224 961 subscripserunt,
1255 885 1504 940 nondum
1531 888 1614 938 est
1647 888 1740 938 aut
1770 881 1878 938 dici
1906 899 1998 954 po-

117 994 216 1044 test
244 990 473 1060 definitio
500 991 716 1061 proprie
745 988 905 1056 dieta,
943 991 1131 1060 utpote
1165 985 1255 1041 cui
1291 984 1464 1053 deest,
1503 1000 1603 1057 per
1633 1000 1801 1054 quam
1823 981 1997 1038 solam

116 1086 382 1158 compleri
413 1085 604 1158 possit,
633 1084 864 1140 Romani
897 1083 1171 1140 pontificis
1206 1081 1468 1137 adhaesio.

193 1182 248 1236 4⁰
274 1183 591 1255 Approbatio
633 1183 814 1252 Papae,
857 1184 968 1234 sine
1001 1196 1102 1248 qua
1138 1178 1256 1230 clari
1295 1178 1470 1246 nequit
1511 1175 1743 1245 definitio
1779 1175 2000 1245 proprie

117 1278 254 1331 [licta
296 1295 386 1332 sen
425 1275 695 1347 completa,
734 1290 839 1327 non
872 1273 1162 1327 continetur
1205 1269 1570 1341 aequivalenter
1608 1272 1662 1323 in
1699 1271 1997 1323 adhaesione

115 1374 443 1445 Lesyatornm,
485 1392 579 1428 nec
615 1391 712 1443 per
749 1389 863 1426 eam
903 1369 1193 1440 suppletur.
1225 1367 1432 1422 -Ideo
1468 1368 1670 1439 quippe
1693 1367 1999 1439 requiritur

115 1468 433 1540 approbatio
467 1468 639 1540 Papae,
683 1465 810 1538 quia
854 1463 1162 1535 requiritur
1197 1462 1471 1534 judicium
1517 1462 1636 1535 ejus
1675 1462 1986 1517 infallibile.

113 1564 246 1617 Nam
282 1563 328 1617 si
355 1563 493 1634 Papa
533 1562 587 1616 in
626 1560 976 1635 approbanda
1001 1558 1220 1614 concilii
1250 1558 1566 1613 definitione
1592 1577 1702 1613 non
1737 1564 1881 1613 esset
1912 1558 1994 1613 in-

112 1655 384 1724 fallibiliS,
421 1674 531 1710 non
559 1656 732 1728 magis
758 1656 1072 1712 necessaria
1099 1655 1238 1710 foret
1268 1654 1443 1727 ipsius
1476 1653 1796 1728 approbatio
1825 1671 1992 1725 quam

113 1753 406 1824 cujuslibet
438 1754 668 1809 alterius
710 1754 952 1809 absentis
993 1753 1265 1826 Episcopi.
1305 1754 1553 1808 Jamvero
1586 1752 1994 1807 infallibilitatis

112 1851 463 1924 praerogativa
505 1858 586 1906 est
612 1852 922 1925 personalis
948 1853 1191 1907 Romano
1230 1851 1495 1906 Pontifici.
1531 1850 1763 1905 inhaeret
1796 1868 1992 1923 nempe

105 1947 311 2019 judicio
337 1949 403 2002 ab
432 1948 665 2020 ipsamet
691 1949 967 2004 Pontificis
996 1955 1175 2005 mente
1205 1950 1409 2005 elicit0.
1443 1948 1590 2003 Unde
1622 1948 1814 2020 nequit
1847 1948 1989 2020 Papa

109 2059 269 2097 suam
284 2042 697 2098 infallibilitatis
711 2044 1121 2117 praerogativam
1141 2045 1388 2117 delegare
1405 2044 1544 2116 (vide
1559 2062 1719 2117 supra
1733 2087 1745 2111 ,
1758 2047 1914 2116 parte
1926 2042 1991 2112 II,

110 2145 240 2194 sect.
270 2159 316 2206 V,
349 2159 467 2213 cap.
488 2162 536 2206 v,
569 2142 592 2210 Ξ
619 2142 672 2206 23
693 2173 761 2180 —
782 2146 835 2197 et
859 2147 1154 2197 tractatum
1183 2143 1245 2197 cle
1262 2141 1419 2198 Curia
1442 2143 1700 2212 Romana,
1721 2146 1875 2215 parte
1901 2140 1989 2206 ΙΙΙ,

108 2242 238 2292 sect.
258 2256 327 2302 111,
344 2240 577 2311 cap.v11).
598 2240 769 2311 Igitur
788 2240 1081 2295 infallibile
1101 2240 1373 2295 Pontiticis
1386 2240 1681 2312 judicium,
1698 2258 1795 2295 scu
1810 2257 1993 2295 ncces-

107 2335 307 2389 sariam
330 2337 451 2408 ejus
478 2338 953 2410 approbationem,
987 2339 1246 2412 supplere
1272 2343 1557 2410 nequeunt
1581 2338 1757 2410 ipsius
1784 2337 1986 2409 Legati.

183 2431 236 2485 5⁰
269 2431 404 2502 Erqo
449 2433 683 2502 definitio
716 2435 942 2487 omnium
985 2441 1076 2487 ant
1110 2436 1219 2505 fere
1256 2436 1482 2488 omnium
1513 2433 1770 2504 yeneralis
1807 2435 1994 2505 synodi

105 2526 346 2592 Patrnm,
384 2531 538 2583 etiam
564 2530 838 2585 accedente
874 2530 1184 2601 Legatornm
1222 2531 1532 2595 adhaesione,
1571 2549 1677 2586 non
1710 2540 1788 2586 est
1811 2533 1992 2602 reyula

102 2627 244 2696 fidei,
286 2636 406 2683 ante
441 2630 700 2684 obtentam
735 2631 891 2703 Papae
921 2632 1366 2702 approbationem.
1391 2630 1634 2699 -Nam,
1674 2647 1739 2685 ex
1766 2631 1988 2686 conclu-

103 2723 255 2778 sione
291 2727 343 2790 5,
381 2727 701 2783 absolutum
730 2745 830 2786 seu
873 2727 1219 2782 definitivum
1255 2745 1378 2782 esse
1412 2728 1605 2798 nequit
1642 2727 1763 2782 fidei
1803 2728 1989 2782 decre-

99 2824 220 2874 tum
255 2822 321 2875 ab
359 2823 619 2878 omnibus
645 2841 742 2879 seu
767 2825 879 2879 fere
909 2824 1167 2878 omnibus
1201 2824 1454 2895 patribus
1489 2823 1717 2891 editum,
1748 2822 1856 2876 nisi
1895 2841 1986 2878 su—

98 2919 372 2991 perveniat
397 2920 669 2975 Pontiticis
700 2920 1042 2993 approbatio.
1071 2919 1133 2973 Et
1167 2938 1230 2974 ex
1259 2918 1610 2974 conclusione
1639 2921 1692 2988 4,
1724 2920 1863 2974 hanc
1891 2938 1985 2993 ap-

98 3015 478 3088 probationem
518 3017 697 3089 Legati
742 3035 853 3072 non
884 3016 1163 3089 supplent.
1205 3017 1337 3087 Ergo
1378 3016 1713 3089 expectanda
1749 3022 1832 3072 est
1870 3017 1985 3072 haec

101 3115 435 3187 approbatiO,
462 3121 522 3170 ut
547 3115 769 3170 concilii
794 3115 1041 3171 definitio
1072 3114 1258 3170 evadat
1286 3115 1474 3187 regula
1500 3114 1646 3170 fidei.

174 3211 228 3266 6⁰
254 3213 296 3267 A
331 3215 538 3285 fortiori
565 3214 745 3285 reqnla
781 3215 903 3286 fidei
927 3232 1031 3269 non
1064 3221 1159 3283 est,
1201 3222 1322 3268 ante
1361 3196 1621 3269 obtentam
1653 3215 1982 3283 Pontifieiam

59 3329 72 3336 ·
103 3313 549 3382 approbationem,
578 3314 831 3383 definitio,
861 3331 892 3367 a
919 3314 1103 3384 maJ'ori
1136 3312 1351 3367 Patrnm
1378 3330 1588 3366 numero
1600 3355 1620 3386 ,ι
1641 3313 1736 3364 etsi
1766 3328 1978 3365 consen-

100 3408 341 3464 tientibus
364 3410 589 3481 LeyatiS,
617 3411 774 3465 edita.
805 3443 873 3452 —
896 3411 1093 3467 Casum
1130 3428 1280 3466 nunc
1313 3409 1676 3483 expendimus
1714 3427 1823 3480 quo
1851 3407 1981 3464 defi-

104 3500 238 3557 nitio
271 3502 447 3572 tieret,
477 3522 586 3558 non
612 3523 644 3559 a
668 3507 778 3577 fere
798 3508 1050 3575 omnibuS,
1085 3507 1179 3562 sed
1206 3525 1238 3562 a
1267 3507 1454 3577 majori
1481 3510 1696 3578 patrum
1727 3521 1978 3558 numer0.

106 3595 207 3659 Qui
231 3617 390 3656 casus
418 3601 763 3657 connectitur
792 3620 919 3658 cum
944 3603 1261 3676 quaestione,
1302 3620 1372 3658 an
1406 3602 1582 3675 major
1615 3618 1740 3675 pars
1764 3599 1980 3674 Episco-
