2340 3990
0 1417 3 1459 Ι

850 319 976 366 PARS
1003 317 1218 372 QUARTA.
1882 309 1972 356 265

106 434 394 496 exerceret,
436 434 647 487 certum
686 426 918 486 iaciebat
967 426 1087 500 ejus
1125 423 1332 499 effigies
1376 420 1622 480 nummis
1663 417 1860 476 incisa.
1910 417 1971 474 In

107 529 343 603 singulis
364 528 512 586 enim
536 525 854 601 regionibus
879 523 976 582 ille
999 523 1153 580 solus
1174 527 1451 580 monetam
1468 518 1648 594 effigie
1666 534 1767 575 sua
1794 516 1972 590 signat

105 629 201 703 qui
233 642 547 701 supremam
581 622 956 680 auctoritatem
995 627 1227 679 exercet.
1255 653 1325 663 —
1358 620 1414 676 5⁰
1439 617 1594 684 Quod
1631 614 1974 692 imperialem

107 727 165 782 in
199 724 412 781 Judaeos
446 724 767 797 potestatem
795 718 975 774 dictus
1011 718 1188 775 Caesar
1222 721 1381 776 etiam
1423 719 1648 792 leyitime
1684 718 1973 783 exerceret,

107 822 388 881 constabat
426 837 488 878 ex
529 816 718 875 eadem
770 815 972 890 effigie,
1025 816 1217 890 juncta
1279 835 1409 874 cum
1469 815 1703 883 notoriis
1754 814 1977 872 aliunde

106 915 551 979 circumstantiis,
597 914 870 970 Nimirum
915 913 1121 988 effigies
1166 915 1518 971 manifestam
1562 915 1794 972 faciebat
1829 913 1978 990 paci-

106 1016 262 1073 ficam
294 1010 595 1086 imperialis
639 1010 988 1068 auctoritatis
1031 1010 1461 1085 possessionem.
1500 1010 1608 1067 Nec
1645 1011 1798 1067 illam
1846 1010 1979 1084 legi-

105 1114 237 1172 time
259 1110 549 1186 quisquam
578 1109 801 1164 turbare
829 1115 1056 1183 poterat;
1087 1109 1171 1164 vel
1196 1127 1259 1164 ex
1289 1109 1390 1163 hac
1422 1108 1535 1163 sola
1565 1108 1800 1176 ratione,
1831 1109 1978 1183 quod

101 1208 362 1285 ejusmodi
384 1213 655 1263 tentamen
671 1225 781 1262 non
799 1206 951 1262 aliud
974 1206 1123 1279 genti
1145 1205 1462 1261 Judaeorum
1490 1205 1785 1262 invexisset
1809 1224 1974 1279 quam

99 1322 368 1363 summam
391 1303 776 1360 calamitatem.
806 1304 868 1361 Et
894 1304 1116 1361 aliunde
1143 1304 1324 1360 dictus
1350 1302 1526 1358 Caesar
1557 1321 1668 1358 non
1692 1305 1975 1381 tyrannice

94 1402 310 1475 agebat;
349 1400 444 1457 sed
469 1402 672 1476 populo
707 1402 800 1457 Dei
827 1420 967 1459 verae
993 1402 1276 1477 religionis
1304 1401 1653 1472 exercitium,
1686 1401 1803 1475 ejus
1838 1420 1974 1475 pon-

93 1499 331 1556 tificibus
362 1499 594 1555 liberam
627 1499 1073 1572 jurisdictionem
1104 1506 1154 1556 et
1187 1499 1572 1555 auctoritatem
1618 1517 1776 1554 suam
1807 1499 1973 1556 relin-

96 1597 403 1672 quebat.—-
422 1598 477 1652 4⁰
499 1597 757 1652 Pharisaei
778 1598 964 1653 Jesum
988 1598 1410 1671 interroganteS,
1438 1597 1786 1671 agnoscendo
1812 1616 1973 1653 num-

94 1695 198 1752 mis
235 1695 415 1750 inesse
455 1695 584 1751 dicti
617 1697 840 1752 Caesaris
866 1697 1125 1769 effigiem,
1157 1698 1258 1752 hoc
1281 1697 1400 1770 ipso
1426 1694 1815 1769 aequivalenter
1843 1714 1972 1751 cum

93 1790 400 1848 fatebantur
434 1793 742 1866 legitimum
776 1793 1186 1867 imperatorem.
1226 1793 1357 1848 Nam
1392 1811 1455 1849 cx
1492 1793 1610 1848 sola
1640 1792 1816 1865 effigie
1843 1812 1972 1849 con-

93 1889 266 1945 stabat
295 1906 421 1943 eum
454 1907 571 1944 esse
605 1889 670 1944 de
704 1889 845 1945 sacto
882 1890 1292 1963 imperatorem.
1335 1890 1394 1944 lit
1430 1890 1574 1962 quod
1599 1890 1844 1962 legitime
1872 1891 1971 1945 im-

92 1992 326 2061 peraret,
364 1987 725 2043 manifestum
758 1988 926 2044 simul
953 1988 1226 2044 faciebant
1253 1987 1703 2043 circumstantiae.
1748 1988 1807 2043 Et
1836 2006 1970 2062 prae-

92 2089 236 2140 terea
272 2085 580 2141 confitendo
616 2088 865 2142 nummis
903 2087 1083 2142 inesse
1131 2087 1264 2142 dicti
1316 2087 1538 2143 Caesaris
1573 2087 1834 2159 effigiem,
1870 2104 1968 2142 seu

92 2180 274 2256 ipsum
306 2183 373 2238 de
403 2183 543 2239 facto
580 2201 699 2240 esse
731 2185 1141 2258 imperatorem,
1176 2203 1287 2239 non
1318 2185 1651 2241 addiderunt
1680 2203 1692 2237 :
1727 2186 1820 2240 sed
1852 2185 1981 2240 ille--

92 2282 283 2352 qitime.
316 2281 373 2336 Id
399 2283 624 2355 quidem
651 2284 908 2357 optabant
929 2285 1035 2340 dici
1065 2302 1093 2339 a
1119 2283 1350 2354 Christo,
1381 2290 1441 2339 ut
1463 2303 1591 2340 eum
1619 2292 1963 2340 accusarent.

93 2377 198 2452 Ipsi
231 2396 356 2433 vero
389 2398 565 2452 neque
604 2379 660 2434 id
699 2381 1026 2449 sentiebant,
1064 2399 1245 2454 neque
1286 2381 1405 2436 ausi
1440 2381 1669 2436 fuissent
1695 2398 1959 2437 asserere.

93 2475 263 2548 Igitur
290 2479 667 2551 respondendo
695 2480 994 2553 imaginem
1024 2500 1144 2537 esse
1170 2481 1416 2553 CaesariS,
1446 2480 1676 2554 perinde
1709 2486 1791 2536 est
1830 2499 1892 2536 ac
1917 2480 1962 2535 si

95 2573 356 2629 dixissent
381 2596 391 2628 :
422 2575 556 2630 Eum
592 2576 901 2650 legitimum
925 2579 1102 2652 gentis
1127 2586 1326 2634 nostrae
1351 2579 1742 2652 imperatorem
1769 2597 1964 2652 agnos-

93 2669 288 2726 cimuS.
325 2673 383 2727 ln
418 2674 520 2729 hoc
557 2692 756 2741 sensu,
803 2676 936 2750 ipsis
983 2695 1093 2732 non
1137 2676 1593 2744 reclamantibus,
1632 2695 1823 2732 eorum
1854 2695 1965 2734 res-

95 2784 326 2839 ponsum
352 2772 556 2844 accepit
572 2772 840 2840 Christus,
871 2783 1031 2848 prout
1060 2775 1232 2848 liquet
1256 2793 1285 2831 e
1310 2774 1568 2847 subjectis
1597 2774 1810 2831 verbis:
1833 2776 1966 2831 Red-

95 2864 201 2919 dite
240 2883 357 2935 erqo
403 2886 515 2938 quae
564 2879 682 2924 sunt
730 2871 951 2927 Caesaris
994 2873 1202 2928 Caesari.
1248 2874 1303 2927 Id
1338 2878 1440 2938 cst,
1485 2891 1611 2928 cum
1646 2874 1966 2948 vosmetipsi

94 2959 354 3017 Caesarem
379 2966 902 3039 nuncimperantem
944 2988 1040 3042 pro
1081 2970 1326 3042 legitimo
1348 2969 1680 3044 imperatore
1699 2972 1962 3039 habeatiS,

93 3058 300 3115 reddite
317 3061 419 3135 ipsi
439 3081 559 3135 quae
579 3064 1119 3138 debenturlcgitimis
1140 3068 1580 3141 imperatoribus.
1603 3070 1723 3126 Fuit
1742 3090 1962 3146 nempe,

99 3159 160 3208 ut
190 3155 405 3224 dicitur,
444 3171 834 3234 argumentum
873 3165 938 3219 ad
978 3164 1281 3222 hominem.
1324 3200 1393 3208 —
1427 3168 1482 3222 5⁰
1523 3168 1867 3225 Provocando
1900 3171 1965 3225 ad

102 3245 296 3307 dictam
326 3254 619 3330 imaginem
649 3279 756 3317 non
795 3263 978 3319 docuit
1010 3264 1283 3334 Clu-istus,
1324 3272 1490 3339 prout
1526 3268 1808 3323 contendit
1842 3268 1967 3322 Bos-

105 3350 245 3410 suct,
288 3349 642 3412 obediendum
680 3377 802 3416 esse
838 3360 1066 3418 cuilibet
1102 3363 1360 3438 principi,
1403 3382 1467 3420 ex
1507 3364 1612 3420 hoc
1663 3365 1778 3420 solo
1823 3363 1966 3436 quod

106 3444 319 3499 nummi
350 3446 457 3503 sint
494 3453 610 3524 ejus
643 3456 820 3529 effigie
848 3458 1067 3530 signati.
1100 3460 1235 3516 Nam
1271 3465 1442 3534 primo
1479 3480 1588 3517 non
1625 3463 1844 3516 locutus
1886 3466 1969 3515 est

102 3540 346 3598 Christus
370 3549 692 3616 generaliter
716 3554 781 3610 de
813 3557 1175 3630 principibuS,
1208 3559 1303 3615 sed
1331 3560 1387 3614 in
1422 3558 1742 3632 particulari
1776 3558 1842 3611 de
1869 3557 1970 3611 im-

102 3648 329 3712 perante
361 3649 492 3699 tunc
529 3646 748 3706 Caesare.
794 3652 1044 3722 Secundo,
1082 3657 1213 3712 huic
1236 3656 1512 3713 reddenda
1553 3653 1689 3708 dixit
1724 3653 1971 3711 Christus
