<?xml version="1.0" encoding="UTF-8"?>
<!DOCTYPE html PUBLIC "-//W3C//DTD XHTML 1.0 Transitional//EN"
    "http://www.w3.org/TR/xhtml1/DTD/xhtml1-transitional.dtd">
<html xmlns="http://www.w3.org/1999/xhtml" xml:lang="en" lang="en">
 <head>
  <title>
</title>
<meta http-equiv="Content-Type" content="text/html;charset=utf-8" />
  <meta name='ocr-system' content='tesseract 3.04.00' />
  <meta name='ocr-capabilities' content='ocr_page ocr_carea ocr_par ocr_line ocrx_word'/>
</head>
<body>
  <div class='ocr_page' id='page_1' title='image "a548470103bouiuoft_0323.png"; bbox 0 0 2340 3990; ppageno 0'>
   <div class='ocr_carea' id='block_1_1' title="bbox 0 0 58 3990">
    <p class='ocr_par' dir='ltr' id='par_1_1' title="bbox 0 0 58 3990">
     <span class='ocr_line' id='line_1_1' title="bbox 0 0 58 3990; baseline 0 0"><span class='ocrx_word' id='word_1_1' title='bbox 0 0 58 3990; x_wconf 95' lang='lat' dir='ltr'><strong> </strong></span> 
     </span>
    </p>
   </div>
   <div class='ocr_carea' id='block_1_2' title="bbox 646 251 670 260">
    <p class='ocr_par' dir='ltr' id='par_1_2' title="bbox 646 251 670 260">
     <span class='ocr_line' id='line_1_2' title="bbox 646 251 670 260; baseline 0 0"><span class='ocrx_word' id='word_1_2' title='bbox 646 251 670 260; x_wconf 62' lang='lat' dir='ltr'><strong><em>a</em></strong></span> 
     </span>
    </p>
   </div>
   <div class='ocr_carea' id='block_1_3' title="bbox 835 281 2002 364">
    <p class='ocr_par' dir='ltr' id='par_1_3' title="bbox 835 281 2002 364">
     <span class='ocr_line' id='line_1_3' title="bbox 835 281 2002 364; baseline 0.009 -5"><span class='ocrx_word' id='word_1_3' title='bbox 835 335 853 343; x_wconf 76' lang='lat'><strong>,.</strong></span> <span class='ocrx_word' id='word_1_4' title='bbox 871 310 1245 364; x_wconf 62' lang='lat' dir='ltr'><strong>rimemini.</strong></span> <span class='ocrx_word' id='word_1_5' title='bbox 1385 281 1403 292; x_wconf 21' lang='grc' dir='ltr'><strong>Χ</strong></span> <span class='ocrx_word' id='word_1_6' title='bbox 1912 300 2002 349; x_wconf 80' lang='lat'><strong>29⁹</strong></span> 
     </span>
    </p>
   </div>
   <div class='ocr_carea' id='block_1_4' title="bbox 115 408 2015 3701">
    <p class='ocr_par' dir='ltr' id='par_1_4' title="bbox 115 408 2015 3701">
     <span class='ocr_line' id='line_1_4' title="bbox 122 408 2004 496; baseline -0.014 -7"><span class='ocrx_word' id='word_1_7' title='bbox 122 429 290 489; x_wconf 78' lang='lat' dir='ltr'><strong>rebus</strong></span> <span class='ocrx_word' id='word_1_8' title='bbox 314 424 702 486; x_wconf 89' lang='lat' dir='ltr'><strong>ecclesiasticis</strong></span> <span class='ocrx_word' id='word_1_9' title='bbox 725 421 1072 496; x_wconf 84' lang='lat' dir='ltr'>disponentes</span> <span class='ocrx_word' id='word_1_10' title='bbox 1089 418 1211 492; x_wconf 92' lang='lat' dir='ltr'><strong>ipso</strong></span> <span class='ocrx_word' id='word_1_11' title='bbox 1224 417 1347 492; x_wconf 85' lang='lat' dir='ltr'><strong>jure</strong></span> <span class='ocrx_word' id='word_1_12' title='bbox 1371 421 1498 479; x_wconf 81' lang='lat' dir='ltr'><strong>sunt</strong></span> <span class='ocrx_word' id='word_1_13' title='bbox 1522 412 1712 477; x_wconf 76' lang='lat' dir='ltr'><strong>irritae;</strong></span> <span class='ocrx_word' id='word_1_14' title='bbox 1746 430 1774 463; x_wconf 94' lang='lat'>«</span> <span class='ocrx_word' id='word_1_15' title='bbox 1796 408 1925 483; x_wconf 88' lang='lat' dir='ltr'><strong>quia</strong></span> <span class='ocrx_word' id='word_1_16' title='bbox 1943 408 2004 464; x_wconf 91' lang='lat' dir='ltr'><strong>in</strong></span> 
     </span>
     <span class='ocr_line' id='line_1_5' title="bbox 125 505 2004 595; baseline -0.013 -10"><span class='ocrx_word' id='word_1_17' title='bbox 125 528 307 586; x_wconf 87' lang='lat' dir='ltr'><strong>aliena</strong></span> <span class='ocrx_word' id='word_1_18' title='bbox 334 524 585 589; x_wconf 84' lang='lat' dir='ltr'><strong>materia,</strong></span> <span class='ocrx_word' id='word_1_19' title='bbox 614 520 795 595; x_wconf 85' lang='lat' dir='ltr'><strong>inquit</strong></span> <span class='ocrx_word' id='word_1_20' title='bbox 831 518 1052 587; x_wconf 88' lang='lat' dir='ltr'><strong>Suarez,</strong></span> <span class='ocrx_word' id='word_1_21' title='bbox 1081 520 1140 576; x_wconf 87' lang='lat' dir='ltr'><strong>et</strong></span> <span class='ocrx_word' id='word_1_22' title='bbox 1168 519 1318 572; x_wconf 85' lang='lat' dir='ltr'><strong>extra</strong></span> <span class='ocrx_word' id='word_1_23' title='bbox 1360 514 1642 588; x_wconf 71' lang='lat' dir='ltr'><strong>sphaeram.</strong></span> <span class='ocrx_word' id='word_1_24' title='bbox 1661 505 2004 583; x_wconf 85' lang='lat' dir='ltr'><strong>jurisdictio-</strong></span> 
     </span>
     <span class='ocr_line' id='line_1_6' title="bbox 123 610 2003 699; baseline -0.013 -15"><span class='ocrx_word' id='word_1_25' title='bbox 123 628 210 684; x_wconf 85' lang='lat' dir='ltr'><strong>nis</strong></span> <span class='ocrx_word' id='word_1_26' title='bbox 233 621 548 699; x_wconf 89' lang='lat' dir='ltr'><strong>temporalis</strong></span> <span class='ocrx_word' id='word_1_27' title='bbox 577 622 925 677; x_wconf 86' lang='lat' dir='ltr'><strong>versantur.»</strong></span> <span class='ocrx_word' id='word_1_28' title='bbox 957 614 1193 671; x_wconf 83' lang='lat' dir='ltr'><strong>Secundo</strong></span> <span class='ocrx_word' id='word_1_29' title='bbox 1219 614 1363 686; x_wconf 86' lang='lat' dir='ltr'><strong>leges</strong></span> <span class='ocrx_word' id='word_1_30' title='bbox 1392 610 1603 680; x_wconf 76' lang='lat' dir='ltr'><strong>civileS‚</strong></span> <span class='ocrx_word' id='word_1_31' title='bbox 1629 623 1867 683; x_wconf 90' lang='lat' dir='ltr'><strong>quarum</strong></span> <span class='ocrx_word' id='word_1_32' title='bbox 1887 621 2003 660; x_wconf 88' lang='lat' dir='ltr'><strong>ma-</strong></span> 
     </span>
     <span class='ocr_line' id='line_1_7' title="bbox 126 703 2001 794; baseline -0.012 -12"><span class='ocrx_word' id='word_1_33' title='bbox 126 725 282 794; x_wconf 90' lang='lat' dir='ltr'><strong>teria,</strong></span> <span class='ocrx_word' id='word_1_34' title='bbox 309 722 412 779; x_wconf 88' lang='lat' dir='ltr'><strong>etsi</strong></span> <span class='ocrx_word' id='word_1_35' title='bbox 440 718 543 776; x_wconf 91' lang='lat' dir='ltr'><strong>sub</strong></span> <span class='ocrx_word' id='word_1_36' title='bbox 565 717 753 790; x_wconf 91' lang='lat' dir='ltr'><strong>aliquo</strong></span> <span class='ocrx_word' id='word_1_37' title='bbox 781 719 1036 786; x_wconf 87' lang='lat' dir='ltr'><strong>respectu</strong></span> <span class='ocrx_word' id='word_1_38' title='bbox 1067 711 1252 767; x_wconf 88' lang='lat' dir='ltr'><strong>subsit</strong></span> <span class='ocrx_word' id='word_1_39' title='bbox 1274 708 1533 786; x_wconf 80' lang='lat' dir='ltr'><strong>potestati</strong></span> <span class='ocrx_word' id='word_1_40' title='bbox 1555 704 1869 781; x_wconf 77' lang='lat' dir='ltr'><strong>temporali,</strong></span> <span class='ocrx_word' id='word_1_41' title='bbox 1897 703 2001 760; x_wconf 90' lang='lat' dir='ltr'><strong>suh</strong></span> 
     </span>
     <span class='ocr_line' id='line_1_8' title="bbox 123 800 1998 888; baseline -0.011 -11"><span class='ocrx_word' id='word_1_42' title='bbox 123 820 233 877; x_wconf 92' lang='lat' dir='ltr'><strong>alio</strong></span> <span class='ocrx_word' id='word_1_43' title='bbox 259 826 441 876; x_wconf 87' lang='lat' dir='ltr'><strong>tamen</strong></span> <span class='ocrx_word' id='word_1_44' title='bbox 470 811 749 888; x_wconf 82' lang='lat' dir='ltr'><strong>spirituali</strong></span> <span class='ocrx_word' id='word_1_45' title='bbox 776 809 981 881; x_wconf 87' lang='lat' dir='ltr'><strong>subest,</strong></span> <span class='ocrx_word' id='word_1_46' title='bbox 1020 814 1081 864; x_wconf 87' lang='lat' dir='ltr'><strong>ut</strong></span> <span class='ocrx_word' id='word_1_47' title='bbox 1112 813 1241 864; x_wconf 90' lang='lat' dir='ltr'><strong>sunt</strong></span> <span class='ocrx_word' id='word_1_48' title='bbox 1270 808 1419 881; x_wconf 87' lang='lat' dir='ltr'><strong>leges</strong></span> <span class='ocrx_word' id='word_1_49' title='bbox 1450 807 1593 862; x_wconf 88' lang='lat' dir='ltr'><strong>circa</strong></span> <span class='ocrx_word' id='word_1_50' title='bbox 1625 800 1998 866; x_wconf 86' lang='lat' dir='ltr'><strong>matrimonia,</strong></span> 
     </span>
     <span class='ocr_line' id='line_1_9' title="bbox 121 899 2004 982; baseline -0.011 -7"><span class='ocrx_word' id='word_1_51' title='bbox 121 918 265 975; x_wconf 87' lang='lat' dir='ltr'><strong>circa</strong></span> <span class='ocrx_word' id='word_1_52' title='bbox 282 917 494 977; x_wconf 85' lang='lat' dir='ltr'><strong>funera,</strong></span> <span class='ocrx_word' id='word_1_53' title='bbox 527 911 672 968; x_wconf 90' lang='lat' dir='ltr'><strong>circa</strong></span> <span class='ocrx_word' id='word_1_54' title='bbox 701 911 875 982; x_wconf 84' lang='lat' dir='ltr'><strong>legata</strong></span> <span class='ocrx_word' id='word_1_55' title='bbox 904 907 1014 982; x_wconf 87' lang='lat' dir='ltr'><strong>pia,</strong></span> <span class='ocrx_word' id='word_1_56' title='bbox 1038 911 1091 962; x_wconf 93' lang='lat' dir='ltr'><strong>et</strong></span> <span class='ocrx_word' id='word_1_57' title='bbox 1120 905 1349 975; x_wconf 81' lang='lat' dir='ltr'><strong>simileS,</strong></span> <span class='ocrx_word' id='word_1_58' title='bbox 1382 922 1531 979; x_wconf 90' lang='lat' dir='ltr'><strong>«per</strong></span> <span class='ocrx_word' id='word_1_59' title='bbox 1554 910 1874 979; x_wconf 84' lang='lat' dir='ltr'><strong>potestatem</strong></span> <span class='ocrx_word' id='word_1_60' title='bbox 1895 899 2004 975; x_wconf 89' lang='lat' dir='ltr'><strong>spi-</strong></span> 
     </span>
     <span class='ocr_line' id='line_1_10' title="bbox 121 999 2004 1078; baseline -0.008 -7"><span class='ocrx_word' id='word_1_61' title='bbox 121 1014 375 1071; x_wconf 89' lang='lat' dir='ltr'><strong>ritualem</strong></span> <span class='ocrx_word' id='word_1_62' title='bbox 400 1009 678 1068; x_wconf 86' lang='lat' dir='ltr'><strong>emendari</strong></span> <span class='ocrx_word' id='word_1_63' title='bbox 704 1014 758 1065; x_wconf 92' lang='lat' dir='ltr'><strong>et</strong></span> <span class='ocrx_word' id='word_1_64' title='bbox 785 1005 995 1062; x_wconf 89' lang='lat' dir='ltr'><strong>irritari</strong></span> <span class='ocrx_word' id='word_1_65' title='bbox 1029 1010 1287 1078; x_wconf 89' lang='lat' dir='ltr'><strong>possunt.</strong></span> <span class='ocrx_word' id='word_1_66' title='bbox 1327 1002 1466 1066; x_wconf 87' lang='lat' dir='ltr'>Quia</span> <span class='ocrx_word' id='word_1_67' title='bbox 1507 1003 1737 1058; x_wconf 91' lang='lat' dir='ltr'><strong>materia</strong></span> <span class='ocrx_word' id='word_1_68' title='bbox 1771 1001 1889 1066; x_wconf 90' lang='lat' dir='ltr'><strong>illa,</strong></span> <span class='ocrx_word' id='word_1_69' title='bbox 1918 999 2004 1055; x_wconf 86' lang='lat' dir='ltr'><strong>vel</strong></span> 
     </span>
     <span class='ocr_line' id='line_1_11' title="bbox 124 1096 2005 1180; baseline -0.008 -14"><span class='ocrx_word' id='word_1_70' title='bbox 124 1117 206 1167; x_wconf 91' lang='lat' dir='ltr'><strong>est</strong></span> <span class='ocrx_word' id='word_1_71' title='bbox 228 1108 434 1165; x_wconf 81' lang='lat' dir='ltr'><strong>directe</strong></span> <span class='ocrx_word' id='word_1_72' title='bbox 468 1104 793 1180; x_wconf 85' lang='lat' dir='ltr'><strong>spiritualis,</strong></span> <span class='ocrx_word' id='word_1_73' title='bbox 839 1103 923 1158; x_wconf 86' lang='lat' dir='ltr'><strong>vel</strong></span> <span class='ocrx_word' id='word_1_74' title='bbox 961 1106 1043 1157; x_wconf 90' lang='lat' dir='ltr'><strong>est</strong></span> <span class='ocrx_word' id='word_1_75' title='bbox 1079 1099 1240 1154; x_wconf 85' lang='lat' dir='ltr'><strong>mixti</strong></span> <span class='ocrx_word' id='word_1_76' title='bbox 1278 1098 1405 1163; x_wconf 82' lang='lat' dir='ltr'><strong>fori3</strong></span> <span class='ocrx_word' id='word_1_77' title='bbox 1451 1105 1505 1154; x_wconf 93' lang='lat' dir='ltr'><strong>et</strong></span> <span class='ocrx_word' id='word_1_78' title='bbox 1541 1099 1663 1154; x_wconf 92' lang='lat' dir='ltr'><strong>ideo</strong></span> <span class='ocrx_word' id='word_1_79' title='bbox 1698 1096 2005 1170; x_wconf 88' lang='lat' dir='ltr'><strong>spiritualis</strong></span> 
     </span>
     <span class='ocr_line' id='line_1_12' title="bbox 122 1195 2004 1280; baseline -0.007 -16"><span class='ocrx_word' id='word_1_80' title='bbox 122 1213 358 1280; x_wconf 89' lang='lat' dir='ltr'><strong>potestas</strong></span> <span class='ocrx_word' id='word_1_81' title='bbox 396 1206 602 1260; x_wconf 83' lang='lat' dir='ltr'><strong>directe</strong></span> <span class='ocrx_word' id='word_1_82' title='bbox 642 1201 785 1257; x_wconf 88' lang='lat' dir='ltr'><strong>circa</strong></span> <span class='ocrx_word' id='word_1_83' title='bbox 834 1199 988 1253; x_wconf 88' lang='lat' dir='ltr'><strong>illam</strong></span> <span class='ocrx_word' id='word_1_84' title='bbox 1022 1201 1292 1251; x_wconf 84' lang='lat' dir='ltr'><strong>versatur.</strong></span> <span class='ocrx_word' id='word_1_85' title='bbox 1343 1195 1578 1267; x_wconf 90' lang='lat' dir='ltr'><strong>Ideoque</strong></span> <span class='ocrx_word' id='word_1_86' title='bbox 1621 1212 1814 1250; x_wconf 90' lang='lat' dir='ltr'><strong>omnes</strong></span> <span class='ocrx_word' id='word_1_87' title='bbox 1858 1197 2004 1267; x_wconf 87' lang='lat' dir='ltr'><strong>leges</strong></span> 
     </span>
     <span class='ocr_line' id='line_1_13' title="bbox 121 1291 2007 1373; baseline -0.008 -14"><span class='ocrx_word' id='word_1_88' title='bbox 121 1303 327 1372; x_wconf 87' lang='lat' dir='ltr'><strong>civiles,</strong></span> <span class='ocrx_word' id='word_1_89' title='bbox 373 1319 494 1373; x_wconf 87' lang='lat' dir='ltr'><strong>quae</strong></span> <span class='ocrx_word' id='word_1_90' title='bbox 533 1301 588 1354; x_wconf 87' lang='lat' dir='ltr'><strong>in</strong></span> <span class='ocrx_word' id='word_1_91' title='bbox 624 1297 827 1353; x_wconf 85' lang='lat' dir='ltr'><strong>talibus</strong></span> <span class='ocrx_word' id='word_1_92' title='bbox 857 1292 1103 1349; x_wconf 88' lang='lat' dir='ltr'><strong>materiis</strong></span> <span class='ocrx_word' id='word_1_93' title='bbox 1137 1296 1450 1361; x_wconf 80' lang='lat' dir='ltr'><strong>versantur,</strong></span> <span class='ocrx_word' id='word_1_94' title='bbox 1491 1291 1537 1346; x_wconf 92' lang='lat' dir='ltr'><strong>si</strong></span> <span class='ocrx_word' id='word_1_95' title='bbox 1578 1291 1866 1346; x_wconf 82' lang='lat' dir='ltr'><strong>contrariae</strong></span> <span class='ocrx_word' id='word_1_96' title='bbox 1895 1291 2007 1346; x_wconf 90' lang='lat' dir='ltr'><strong>sint</strong></span> 
     </span>
     <span class='ocr_line' id='line_1_14' title="bbox 115 1388 2002 1474; baseline -0.007 -18"><span class='ocrx_word' id='word_1_97' title='bbox 115 1400 227 1474; x_wconf 87' lang='lat' dir='ltr'><strong>juri</strong></span> <span class='ocrx_word' id='word_1_98' title='bbox 266 1397 547 1465; x_wconf 83' lang='lat' dir='ltr'><strong>canonico,</strong></span> <span class='ocrx_word' id='word_1_99' title='bbox 594 1414 693 1470; x_wconf 86' lang='lat' dir='ltr'><strong>per</strong></span> <span class='ocrx_word' id='word_1_100' title='bbox 732 1393 873 1448; x_wconf 90' lang='lat' dir='ltr'><strong>illud</strong></span> <span class='ocrx_word' id='word_1_101' title='bbox 914 1390 1293 1462; x_wconf 84' lang='lat' dir='ltr'><strong>corriguntur,</strong></span> <span class='ocrx_word' id='word_1_102' title='bbox 1340 1389 1470 1462; x_wconf 89' lang='lat' dir='ltr'><strong>quia</strong></span> <span class='ocrx_word' id='word_1_103' title='bbox 1515 1390 1582 1445; x_wconf 89' lang='lat' dir='ltr'><strong>ab</strong></span> <span class='ocrx_word' id='word_1_104' title='bbox 1624 1388 2002 1445; x_wconf 83' lang='lat' dir='ltr'><strong>excellentiori</strong></span> 
     </span>
     <span class='ocr_line' id='line_1_15' title="bbox 121 1486 2003 1573; baseline -0.007 -19"><span class='ocrx_word' id='word_1_105' title='bbox 121 1503 383 1573; x_wconf 79' lang='lat' dir='ltr'><strong>potestate</strong></span> <span class='ocrx_word' id='word_1_106' title='bbox 411 1499 809 1569; x_wconf 81' lang='lat' dir='ltr'><strong>superantur...</strong></span> <span class='ocrx_word' id='word_1_107' title='bbox 840 1490 903 1544; x_wconf 88' lang='lat' dir='ltr'><strong>Et</strong></span> <span class='ocrx_word' id='word_1_108' title='bbox 939 1489 1046 1544; x_wconf 84' lang='lat' dir='ltr'><strong>illae</strong></span> <span class='ocrx_word' id='word_1_109' title='bbox 1072 1488 1202 1543; x_wconf 84' lang='lat' dir='ltr'><strong>solae</strong></span> <span class='ocrx_word' id='word_1_110' title='bbox 1239 1488 1488 1542; x_wconf 40' lang='lat' dir='ltr'><strong>valorem*</strong></span> <span class='ocrx_word' id='word_1_111' title='bbox 1511 1488 1735 1557; x_wconf 85' lang='lat' dir='ltr'><strong>habent,</strong></span> <span class='ocrx_word' id='word_1_112' title='bbox 1765 1504 1886 1558; x_wconf 83' lang='lat' dir='ltr'><strong>quae</strong></span> <span class='ocrx_word' id='word_1_113' title='bbox 1927 1486 2003 1540; x_wconf 90' lang='lat' dir='ltr'><strong>le-</strong></span> 
     </span>
     <span class='ocr_line' id='line_1_16' title="bbox 123 1583 2001 1668; baseline -0.006 -20"><span class='ocrx_word' id='word_1_114' title='bbox 123 1612 214 1668; x_wconf 86' lang='lat' dir='ltr'><strong>ges</strong></span> <span class='ocrx_word' id='word_1_115' title='bbox 244 1591 535 1648; x_wconf 90' lang='lat' dir='ltr'><strong>canonicas</strong></span> <span class='ocrx_word' id='word_1_116' title='bbox 555 1591 766 1662; x_wconf 88' lang='lat' dir='ltr'><strong>juvant,</strong></span> <span class='ocrx_word' id='word_1_117' title='bbox 800 1585 960 1641; x_wconf 89' lang='lat' dir='ltr'><strong>modo</strong></span> <span class='ocrx_word' id='word_1_118' title='bbox 990 1583 1068 1639; x_wconf 87' lang='lat' dir='ltr'><strong>eis</strong></span> <span class='ocrx_word' id='word_1_119' title='bbox 1098 1583 1390 1656; x_wconf 78' lang='lat' dir='ltr'><strong>permisso,</strong></span> <span class='ocrx_word' id='word_1_120' title='bbox 1418 1604 1445 1635; x_wconf 92' lang='lat'>»</span> <span class='ocrx_word' id='word_1_121' title='bbox 1484 1584 1722 1657; x_wconf 86' lang='lat' dir='ltr'><strong>(Suarez,</strong></span> <span class='ocrx_word' id='word_1_122' title='bbox 1759 1583 2001 1656; x_wconf 78' lang='lat' dir='ltr'><strong>Defensio</strong></span> 
     </span>
     <span class='ocr_line' id='line_1_17' title="bbox 121 1678 2004 1760; baseline -0.006 -18"><span class='ocrx_word' id='word_1_123' title='bbox 121 1688 239 1760; x_wconf 79' lang='lat' dir='ltr'><strong>fidei</strong></span> <span class='ocrx_word' id='word_1_124' title='bbox 259 1693 445 1742; x_wconf 86' lang='lat' dir='ltr'><strong>contra</strong></span> <span class='ocrx_word' id='word_1_125' title='bbox 473 1685 692 1756; x_wconf 51' lang='lat' dir='ltr'><strong>Arno-los,</strong></span> <span class='ocrx_word' id='word_1_126' title='bbox 731 1683 771 1737; x_wconf 91' lang='lat' dir='ltr'><strong>l.</strong></span> <span class='ocrx_word' id='word_1_127' title='bbox 804 1682 886 1751; x_wconf 81' lang='grc' dir='ltr'>ΙΙΙ,</span> <span class='ocrx_word' id='word_1_128' title='bbox 917 1699 966 1735; x_wconf 92' lang='lat' dir='ltr'><strong>c.</strong></span> <span class='ocrx_word' id='word_1_129' title='bbox 995 1700 1114 1751; x_wconf 85' lang='lat' dir='ltr'><strong>xxn,</strong></span> <span class='ocrx_word' id='word_1_130' title='bbox 1147 1699 1203 1735; x_wconf 90' lang='lat' dir='ltr'><strong>n.</strong></span> <span class='ocrx_word' id='word_1_131' title='bbox 1235 1680 1351 1751; x_wconf 80' lang='lat'><strong>11.)</strong></span> <span class='ocrx_word' id='word_1_132' title='bbox 1390 1678 1559 1735; x_wconf 79' lang='lat' dir='ltr'><strong>Tertio</strong></span> <span class='ocrx_word' id='word_1_133' title='bbox 1591 1700 1618 1730; x_wconf 91' lang='lat'>«</span> <span class='ocrx_word' id='word_1_134' title='bbox 1640 1679 1859 1750; x_wconf 90' lang='lat' dir='ltr'><strong>quando</strong></span> <span class='ocrx_word' id='word_1_135' title='bbox 1891 1695 2004 1732; x_wconf 88' lang='lat' dir='ltr'><strong>ma-</strong></span> 
     </span>
     <span class='ocr_line' id='line_1_18' title="bbox 123 1775 2005 1856; baseline -0.005 -17"><span class='ocrx_word' id='word_1_136' title='bbox 123 1785 255 1840; x_wconf 85' lang='lat' dir='ltr'><strong>teria</strong></span> <span class='ocrx_word' id='word_1_137' title='bbox 285 1784 466 1856; x_wconf 87' lang='lat' dir='ltr'><strong>legum</strong></span> <span class='ocrx_word' id='word_1_138' title='bbox 496 1781 740 1837; x_wconf 72' lang='lat' dir='ltr'><strong>civilium</strong></span> <span class='ocrx_word' id='word_1_139' title='bbox 765 1786 842 1835; x_wconf 88' lang='lat' dir='ltr'><strong>est</strong></span> <span class='ocrx_word' id='word_1_140' title='bbox 867 1798 999 1851; x_wconf 78' lang='lat' dir='ltr'><strong>pure</strong></span> <span class='ocrx_word' id='word_1_141' title='bbox 1022 1779 1343 1850; x_wconf 68' lang='grc' dir='ltr'><strong>ῐείημοναΙὶε,</strong></span> <span class='ocrx_word' id='word_1_142' title='bbox 1372 1784 1500 1833; x_wconf 90' lang='lat' dir='ltr'><strong>tunc</strong></span> <span class='ocrx_word' id='word_1_143' title='bbox 1528 1776 1709 1831; x_wconf 87' lang='lat' dir='ltr'><strong>solum</strong></span> <span class='ocrx_word' id='word_1_144' title='bbox 1738 1775 2005 1831; x_wconf 87' lang='lat' dir='ltr'><strong>indirecte</strong></span> 
     </span>
     <span class='ocr_line' id='line_1_19' title="bbox 122 1874 2006 1954; baseline -0.004 -17"><span class='ocrx_word' id='word_1_145' title='bbox 122 1882 474 1954; x_wconf 81' lang='lat' dir='ltr'><strong>corriguntur</strong></span> <span class='ocrx_word' id='word_1_146' title='bbox 502 1898 597 1954; x_wconf 87' lang='lat' dir='ltr'><strong>per</strong></span> <span class='ocrx_word' id='word_1_147' title='bbox 618 1879 922 1942; x_wconf 78' lang='lat' dir='ltr'><strong>PontificeS,</strong></span> <span class='ocrx_word' id='word_1_148' title='bbox 947 1878 1164 1950; x_wconf 89' lang='lat' dir='ltr'><strong>quando</strong></span> <span class='ocrx_word' id='word_1_149' title='bbox 1187 1877 1266 1931; x_wconf 84' lang='lat' dir='ltr'><strong>vel</strong></span> <span class='ocrx_word' id='word_1_150' title='bbox 1296 1876 1529 1949; x_wconf 85' lang='lat' dir='ltr'><strong>peccatis</strong></span> <span class='ocrx_word' id='word_1_151' title='bbox 1554 1877 1755 1944; x_wconf 86' lang='lat' dir='ltr'><strong>favent,</strong></span> <span class='ocrx_word' id='word_1_152' title='bbox 1784 1875 1869 1930; x_wconf 88' lang='lat' dir='ltr'><strong>vel</strong></span> <span class='ocrx_word' id='word_1_153' title='bbox 1894 1874 2006 1930; x_wconf 92' lang='lat' dir='ltr'><strong>illis</strong></span> 
     </span>
     <span class='ocr_line' id='line_1_20' title="bbox 123 1968 2009 2048; baseline -0.005 -16"><span class='ocrx_word' id='word_1_154' title='bbox 123 1976 460 2032; x_wconf 80' lang='lat' dir='ltr'><strong>occasionem</strong></span> <span class='ocrx_word' id='word_1_155' title='bbox 491 1969 756 2048; x_wconf 64' lang='lat' dir='ltr'><strong>przebent.</strong></span> <span class='ocrx_word' id='word_1_156' title='bbox 799 1975 859 2031; x_wconf 90' lang='lat' dir='ltr'><strong>Ut</strong></span> <span class='ocrx_word' id='word_1_157' title='bbox 891 1980 1020 2029; x_wconf 90' lang='lat' dir='ltr'><strong>sunt</strong></span> <span class='ocrx_word' id='word_1_158' title='bbox 1052 1976 1198 2046; x_wconf 80' lang='lat' dir='ltr'><strong>leges</strong></span> <span class='ocrx_word' id='word_1_159' title='bbox 1246 1971 1604 2028; x_wconf 86' lang='lat' dir='ltr'><strong>concedentes</strong></span> <span class='ocrx_word' id='word_1_160' title='bbox 1642 1968 2009 2043; x_wconf 85' lang='lat' dir='ltr'><strong>praescriptio-</strong></span> 
     </span>
     <span class='ocr_line' id='line_1_21' title="bbox 125 2068 2007 2144; baseline -0.004 -16"><span class='ocrx_word' id='word_1_161' title='bbox 125 2090 249 2128; x_wconf 88' lang='lat' dir='ltr'><strong>nem</strong></span> <span class='ocrx_word' id='word_1_162' title='bbox 275 2090 400 2128; x_wconf 89' lang='lat' dir='ltr'><strong>cum</strong></span> <span class='ocrx_word' id='word_1_163' title='bbox 439 2072 581 2126; x_wconf 87' lang='lat' dir='ltr'><strong>mala</strong></span> <span class='ocrx_word' id='word_1_164' title='bbox 608 2072 734 2139; x_wconf 84' lang='lat' dir='ltr'><strong>fide,</strong></span> <span class='ocrx_word' id='word_1_165' title='bbox 774 2090 896 2144; x_wconf 73' lang='lat' dir='ltr'><strong>quae</strong></span> <span class='ocrx_word' id='word_1_166' title='bbox 934 2090 1032 2144; x_wconf 87' lang='lat' dir='ltr'><strong>per</strong></span> <span class='ocrx_word' id='word_1_167' title='bbox 1064 2088 1302 2126; x_wconf 85' lang='lat' dir='ltr'><strong>canones</strong></span> <span class='ocrx_word' id='word_1_168' title='bbox 1337 2068 1568 2125; x_wconf 87' lang='lat' dir='ltr'><strong>sublatae</strong></span> <span class='ocrx_word' id='word_1_169' title='bbox 1605 2074 1753 2136; x_wconf 89' lang='lat' dir='ltr'><strong>sunt,</strong></span> <span class='ocrx_word' id='word_1_170' title='bbox 1784 2074 1843 2123; x_wconf 93' lang='lat' dir='ltr'><strong>ut</strong></span> <span class='ocrx_word' id='word_1_171' title='bbox 1879 2084 2007 2121; x_wconf 92' lang='lat' dir='ltr'><strong>con-</strong></span> 
     </span>
     <span class='ocr_line' id='line_1_22' title="bbox 125 2166 2009 2243; baseline -0.003 -17"><span class='ocrx_word' id='word_1_172' title='bbox 125 2178 248 2228; x_wconf 90' lang='lat' dir='ltr'><strong>stat.</strong></span> <span class='ocrx_word' id='word_1_173' title='bbox 281 2171 537 2243; x_wconf 85' lang='lat' dir='ltr'><strong>Idemque</strong></span> <span class='ocrx_word' id='word_1_174' title='bbox 564 2177 642 2226; x_wconf 88' lang='lat' dir='ltr'><strong>est</strong></span> <span class='ocrx_word' id='word_1_175' title='bbox 677 2171 742 2225; x_wconf 89' lang='lat' dir='ltr'><strong>de</strong></span> <span class='ocrx_word' id='word_1_176' title='bbox 776 2170 991 2242; x_wconf 82' lang='lat' dir='ltr'><strong>legibus</strong></span> <span class='ocrx_word' id='word_1_177' title='bbox 1015 2169 1460 2243; x_wconf 86' lang='lat' dir='ltr'><strong>permittentibus</strong></span> <span class='ocrx_word' id='word_1_178' title='bbox 1494 2186 1716 2233; x_wconf 82' lang='lat' dir='ltr'><strong>usuraS,</strong></span> <span class='ocrx_word' id='word_1_179' title='bbox 1751 2166 2009 2222; x_wconf 91' lang='lat' dir='ltr'><strong>concubi-</strong></span> 
     </span>
     <span class='ocr_line' id='line_1_23' title="bbox 127 2265 2008 2341; baseline -0.003 -17"><span class='ocrx_word' id='word_1_180' title='bbox 127 2277 304 2326; x_wconf 87' lang='lat' dir='ltr'><strong>natus.</strong></span> <span class='ocrx_word' id='word_1_181' title='bbox 337 2270 439 2325; x_wconf 91' lang='lat' dir='ltr'><strong>Vel</strong></span> <span class='ocrx_word' id='word_1_182' title='bbox 475 2270 638 2325; x_wconf 88' lang='lat' dir='ltr'><strong>etiam</strong></span> <span class='ocrx_word' id='word_1_183' title='bbox 678 2270 895 2341; x_wconf 90' lang='lat' dir='ltr'><strong>quando</strong></span> <span class='ocrx_word' id='word_1_184' title='bbox 934 2276 1064 2325; x_wconf 90' lang='lat' dir='ltr'><strong>sunt</strong></span> <span class='ocrx_word' id='word_1_185' title='bbox 1109 2269 1293 2324; x_wconf 89' lang='lat' dir='ltr'><strong>minus</strong></span> <span class='ocrx_word' id='word_1_186' title='bbox 1340 2274 1723 2323; x_wconf 82' lang='lat' dir='ltr'><strong>consentaneae</strong></span> <span class='ocrx_word' id='word_1_187' title='bbox 1764 2265 2008 2339; x_wconf 85' lang='lat' dir='ltr'><strong>aequitati</strong></span> 
     </span>
     <span class='ocr_line' id='line_1_24' title="bbox 127 2364 2010 2440; baseline -0.001 -20"><span class='ocrx_word' id='word_1_188' title='bbox 127 2368 386 2437; x_wconf 89' lang='lat' dir='ltr'><strong>naturali,</strong></span> <span class='ocrx_word' id='word_1_189' title='bbox 429 2373 492 2422; x_wconf 89' lang='lat' dir='ltr'><strong>ut</strong></span> <span class='ocrx_word' id='word_1_190' title='bbox 531 2373 659 2422; x_wconf 86' lang='lat' dir='ltr'><strong>sunt</strong></span> <span class='ocrx_word' id='word_1_191' title='bbox 694 2367 840 2440; x_wconf 84' lang='lat' dir='ltr'><strong>leges</strong></span> <span class='ocrx_word' id='word_1_192' title='bbox 880 2374 1138 2439; x_wconf 83' lang='lat' dir='ltr'><strong>negantes</strong></span> <span class='ocrx_word' id='word_1_193' title='bbox 1168 2366 1423 2421; x_wconf 86' lang='lat' dir='ltr'><strong>alimenta</strong></span> <span class='ocrx_word' id='word_1_194' title='bbox 1458 2364 1590 2420; x_wconf 82' lang='lat' dir='ltr'><strong>tiliis</strong></span> <span class='ocrx_word' id='word_1_195' title='bbox 1620 2365 1891 2438; x_wconf 82' lang='lat' dir='ltr'><strong>spuriis...</strong></span> <span class='ocrx_word' id='word_1_196' title='bbox 1920 2364 2010 2419; x_wconf 80' lang='lat' dir='ltr'><strong>At-</strong></span> 
     </span>
     <span class='ocr_line' id='line_1_25' title="bbox 128 2461 2011 2536; baseline -0.001 -20"><span class='ocrx_word' id='word_1_197' title='bbox 128 2480 252 2534; x_wconf 84' lang='lat' dir='ltr'><strong>que,</strong></span> <span class='ocrx_word' id='word_1_198' title='bbox 285 2463 473 2517; x_wconf 89' lang='lat' dir='ltr'><strong>eadem</strong></span> <span class='ocrx_word' id='word_1_199' title='bbox 502 2470 710 2519; x_wconf 81' lang='lat' dir='ltr'><strong>servata</strong></span> <span class='ocrx_word' id='word_1_200' title='bbox 737 2465 1110 2536; x_wconf 86' lang='lat' dir='ltr'><strong>proportione,</strong></span> <span class='ocrx_word' id='word_1_201' title='bbox 1151 2464 1196 2519; x_wconf 87' lang='lat' dir='ltr'><strong>si</strong></span> <span class='ocrx_word' id='word_1_202' title='bbox 1224 2465 1307 2519; x_wconf 88' lang='lat' dir='ltr'><strong>lex</strong></span> <span class='ocrx_word' id='word_1_203' title='bbox 1336 2463 1517 2536; x_wconf 90' lang='lat' dir='ltr'><strong>aliqua</strong></span> <span class='ocrx_word' id='word_1_204' title='bbox 1546 2462 1722 2517; x_wconf 90' lang='lat' dir='ltr'><strong>civilis</strong></span> <span class='ocrx_word' id='word_1_205' title='bbox 1753 2462 1817 2517; x_wconf 90' lang='lat' dir='ltr'><strong>ad</strong></span> <span class='ocrx_word' id='word_1_206' title='bbox 1851 2461 2011 2535; x_wconf 86' lang='lat' dir='ltr'><strong>spiri-</strong></span> 
     </span>
     <span class='ocr_line' id='line_1_26' title="bbox 133 2560 2015 2635; baseline 0.001 -23"><span class='ocrx_word' id='word_1_207' title='bbox 133 2560 275 2614; x_wconf 88' lang='lat' dir='ltr'><strong>tuale</strong></span> <span class='ocrx_word' id='word_1_208' title='bbox 323 2560 527 2615; x_wconf 88' lang='lat' dir='ltr'><strong>honum</strong></span> <span class='ocrx_word' id='word_1_209' title='bbox 573 2563 725 2633; x_wconf 81' lang='lat' dir='ltr'><strong>regni</strong></span> <span class='ocrx_word' id='word_1_210' title='bbox 756 2563 1100 2635; x_wconf 85' lang='lat' dir='ltr'><strong>judicaretur</strong></span> <span class='ocrx_word' id='word_1_211' title='bbox 1150 2563 1505 2631; x_wconf 82' lang='lat' dir='ltr'><strong>conveniens,</strong></span> <span class='ocrx_word' id='word_1_212' title='bbox 1551 2567 1602 2616; x_wconf 90' lang='lat' dir='ltr'><strong>et</strong></span> <span class='ocrx_word' id='word_1_213' title='bbox 1645 2579 1802 2633; x_wconf 78' lang='lat' dir='ltr'><strong>reges</strong></span> <span class='ocrx_word' id='word_1_214' title='bbox 1850 2561 1906 2614; x_wconf 92' lang='lat' dir='ltr'><strong>in</strong></span> <span class='ocrx_word' id='word_1_215' title='bbox 1955 2579 2015 2614; x_wconf 88' lang='lat' dir='ltr'><strong>ea</strong></span> 
     </span>
     <span class='ocr_line' id='line_1_27' title="bbox 130 2654 2014 2731; baseline 0.002 -23"><span class='ocrx_word' id='word_1_216' title='bbox 130 2654 352 2710; x_wconf 72' lang='lat' dir='ltr'><strong>ferenda</strong></span> <span class='ocrx_word' id='word_1_217' title='bbox 391 2658 722 2730; x_wconf 78' lang='lat' dir='ltr'><strong>negligentes</strong></span> <span class='ocrx_word' id='word_1_218' title='bbox 768 2665 967 2730; x_wconf 80' lang='lat' dir='ltr'><strong>essent,</strong></span> <span class='ocrx_word' id='word_1_219' title='bbox 1016 2666 1199 2731; x_wconf 88' lang='lat' dir='ltr'><strong>posset</strong></span> <span class='ocrx_word' id='word_1_220' title='bbox 1238 2660 1482 2714; x_wconf 84' lang='lat' dir='ltr'><strong>Pontifex</strong></span> <span class='ocrx_word' id='word_1_221' title='bbox 1530 2658 1864 2713; x_wconf 85' lang='lat' dir='ltr'><strong>authoritate</strong></span> <span class='ocrx_word' id='word_1_222' title='bbox 1915 2675 2014 2712; x_wconf 92' lang='lat' dir='ltr'><strong>sua</strong></span> 
     </span>
     <span class='ocr_line' id='line_1_28' title="bbox 131 2750 2010 2826; baseline 0.003 -23"><span class='ocrx_word' id='word_1_223' title='bbox 131 2750 282 2805; x_wconf 83' lang='lat' dir='ltr'><strong>illam</strong></span> <span class='ocrx_word' id='word_1_224' title='bbox 311 2753 469 2817; x_wconf 86' lang='lat' dir='ltr'><strong>ser1·e;</strong></span> <span class='ocrx_word' id='word_1_225' title='bbox 508 2760 567 2808; x_wconf 90' lang='lat' dir='ltr'><strong>ut</strong></span> <span class='ocrx_word' id='word_1_226' title='bbox 596 2755 719 2810; x_wconf 89' lang='lat' dir='ltr'><strong>fecit</strong></span> <span class='ocrx_word' id='word_1_227' title='bbox 747 2755 873 2810; x_wconf 88' lang='lat' dir='ltr'><strong>Pius</strong></span> <span class='ocrx_word' id='word_1_228' title='bbox 898 2755 958 2826; x_wconf 89' lang='lat' dir='ltr'><strong>V,</strong></span> <span class='ocrx_word' id='word_1_229' title='bbox 989 2755 1168 2811; x_wconf 91' lang='lat' dir='ltr'><strong>dando</strong></span> <span class='ocrx_word' id='word_1_230' title='bbox 1211 2757 1450 2811; x_wconf 87' lang='lat' dir='ltr'><strong>formam</strong></span> <span class='ocrx_word' id='word_1_231' title='bbox 1473 2754 1851 2810; x_wconf 89' lang='lat' dir='ltr'><strong>constituendi</strong></span> <span class='ocrx_word' id='word_1_232' title='bbox 1880 2772 2010 2809; x_wconf 88' lang='lat' dir='ltr'><strong>cen-</strong></span> 
     </span>
     <span class='ocr_line' id='line_1_29' title="bbox 129 2852 2015 2926; baseline 0.003 -25"><span class='ocrx_word' id='word_1_233' title='bbox 129 2866 243 2917; x_wconf 88' lang='lat' dir='ltr'><strong>sus,</strong></span> <span class='ocrx_word' id='word_1_234' title='bbox 281 2867 401 2920; x_wconf 63' lang='lat' dir='ltr'><strong>quae</strong></span> <span class='ocrx_word' id='word_1_235' title='bbox 436 2852 657 2906; x_wconf 86' lang='lat' dir='ltr'><strong>materia</strong></span> <span class='ocrx_word' id='word_1_236' title='bbox 684 2852 814 2906; x_wconf 88' lang='lat' dir='ltr'><strong>satis</strong></span> <span class='ocrx_word' id='word_1_237' title='bbox 845 2854 1163 2926; x_wconf 88' lang='lat' dir='ltr'><strong>temporalis</strong></span> <span class='ocrx_word' id='word_1_238' title='bbox 1193 2861 1296 2908; x_wconf 88' lang='lat' dir='ltr'><strong>est.</strong></span> <span class='ocrx_word' id='word_1_239' title='bbox 1342 2855 1531 2907; x_wconf 89' lang='lat' dir='ltr'><strong>Forma</strong></span> <span class='ocrx_word' id='word_1_240' title='bbox 1561 2859 1743 2908; x_wconf 87' lang='lat' dir='ltr'><strong>autem</strong></span> <span class='ocrx_word' id='word_1_241' title='bbox 1774 2853 1888 2906; x_wconf 78' lang='lat' dir='ltr'><strong>visa</strong></span> <span class='ocrx_word' id='word_1_242' title='bbox 1932 2858 2015 2907; x_wconf 92' lang='lat' dir='ltr'><strong>est</strong></span> 
     </span>
     <span class='ocr_line' id='line_1_30' title="bbox 127 2946 2000 3020; baseline 0.003 -23"><span class='ocrx_word' id='word_1_243' title='bbox 127 2946 454 3001; x_wconf 74' lang='lat' dir='ltr'><strong>conveniens</strong></span> <span class='ocrx_word' id='word_1_244' title='bbox 496 2947 561 3001; x_wconf 89' lang='lat' dir='ltr'><strong>ad</strong></span> <span class='ocrx_word' id='word_1_245' title='bbox 603 2947 845 3020; x_wconf 77' lang='lat' dir='ltr'><strong>pericula</strong></span> <span class='ocrx_word' id='word_1_246' title='bbox 884 2967 1183 3005; x_wconf 87' lang='lat' dir='ltr'><strong>usurarum</strong></span> <span class='ocrx_word' id='word_1_247' title='bbox 1222 2950 1458 3020; x_wconf 77' lang='lat' dir='ltr'><strong>vitanda,</strong></span> <span class='ocrx_word' id='word_1_248' title='bbox 1500 2958 1551 3006; x_wconf 92' lang='lat' dir='ltr'><strong>et</strong></span> <span class='ocrx_word' id='word_1_249' title='bbox 1594 2950 1667 3004; x_wconf 88' lang='lat' dir='ltr'><strong>ita</strong></span> <span class='ocrx_word' id='word_1_250' title='bbox 1705 2949 2000 3007; x_wconf 85' lang='lat' dir='ltr'><strong>intervenit</strong></span> 
     </span>
     <span class='ocr_line' id='line_1_31' title="bbox 127 3043 1994 3121; baseline 0.002 -22"><span class='ocrx_word' id='word_1_251' title='bbox 127 3043 312 3099; x_wconf 84' lang='lat' dir='ltr'><strong>eadem</strong></span> <span class='ocrx_word' id='word_1_252' title='bbox 348 3044 483 3098; x_wconf 80' lang='lat' dir='ltr'><strong>ratio</strong></span> <span class='ocrx_word' id='word_1_253' title='bbox 522 3044 802 3101; x_wconf 85' lang='lat' dir='ltr'><strong>indirectae</strong></span> <span class='ocrx_word' id='word_1_254' title='bbox 836 3047 1138 3119; x_wconf 77' lang='lat' dir='ltr'><strong>potcstatis,</strong></span> <span class='ocrx_word' id='word_1_255' title='bbox 1167 3070 1192 3099; x_wconf 92' lang='lat'>»</span> <span class='ocrx_word' id='word_1_256' title='bbox 1226 3047 1469 3120; x_wconf 84' lang='lat' dir='ltr'><strong>(Suarez,</strong></span> <span class='ocrx_word' id='word_1_257' title='bbox 1499 3049 1608 3104; x_wconf 85' lang='lat' dir='ltr'><strong>Ioco</strong></span> <span class='ocrx_word' id='word_1_258' title='bbox 1650 3051 1763 3121; x_wconf 60' lang='lat' dir='ltr'><strong>cit„</strong></span> <span class='ocrx_word' id='word_1_259' title='bbox 1791 3066 1846 3103; x_wconf 93' lang='lat' dir='ltr'><strong>n.</strong></span> <span class='ocrx_word' id='word_1_260' title='bbox 1880 3049 1994 3119; x_wconf 76' lang='lat'><strong>12.)</strong></span> 
     </span>
     <span class='ocr_line' id='line_1_32' title="bbox 128 3141 1998 3221; baseline 0.003 -27"><span class='ocrx_word' id='word_1_261' title='bbox 128 3172 193 3182; x_wconf 90' lang='lat'><strong>--</strong></span> <span class='ocrx_word' id='word_1_262' title='bbox 216 3141 365 3204; x_wconf 88' lang='lat' dir='ltr'><strong>Quod</strong></span> <span class='ocrx_word' id='word_1_263' title='bbox 406 3142 575 3215; x_wconf 89' lang='lat' dir='ltr'><strong>possit</strong></span> <span class='ocrx_word' id='word_1_264' title='bbox 607 3143 744 3217; x_wconf 89' lang='lat' dir='ltr'><strong>Papa</strong></span> <span class='ocrx_word' id='word_1_265' title='bbox 783 3145 1003 3217; x_wconf 81' lang='lat' dir='ltr'><strong>regibus</strong></span> <span class='ocrx_word' id='word_1_266' title='bbox 1046 3146 1372 3202; x_wconf 89' lang='lat' dir='ltr'><strong>interdicere</strong></span> <span class='ocrx_word' id='word_1_267' title='bbox 1400 3164 1467 3202; x_wconf 91' lang='lat' dir='ltr'><strong>ne</strong></span> <span class='ocrx_word' id='word_1_268' title='bbox 1496 3147 1702 3202; x_wconf 90' lang='lat' dir='ltr'><strong>bellum</strong></span> <span class='ocrx_word' id='word_1_269' title='bbox 1730 3147 1998 3221; x_wconf 87' lang='lat' dir='ltr'><strong>injustum</strong></span> 
     </span>
     <span class='ocr_line' id='line_1_33' title="bbox 128 3236 1998 3316; baseline 0.001 -25"><span class='ocrx_word' id='word_1_270' title='bbox 128 3236 382 3310; x_wconf 83' lang='lat' dir='ltr'><strong>inferant,</strong></span> <span class='ocrx_word' id='word_1_271' title='bbox 438 3260 462 3289; x_wconf 93' lang='lat'>«</span> <span class='ocrx_word' id='word_1_272' title='bbox 485 3257 570 3294; x_wconf 85' lang='lat' dir='ltr'><strong>res</strong></span> <span class='ocrx_word' id='word_1_273' title='bbox 596 3246 676 3295; x_wconf 90' lang='lat' dir='ltr'><strong>est</strong></span> <span class='ocrx_word' id='word_1_274' title='bbox 701 3259 797 3314; x_wconf 85' lang='lat' dir='ltr'><strong>per</strong></span> <span class='ocrx_word' id='word_1_275' title='bbox 834 3260 891 3296; x_wconf 91' lang='lat' dir='ltr'><strong>se</strong></span> <span class='ocrx_word' id='word_1_276' title='bbox 931 3242 1175 3312; x_wconf 77' lang='lat' dir='ltr'><strong>evidenS,</strong></span> <span class='ocrx_word' id='word_1_277' title='bbox 1216 3244 1292 3299; x_wconf 88' lang='lat' dir='ltr'><strong>ait</strong></span> <span class='ocrx_word' id='word_1_278' title='bbox 1327 3244 1548 3309; x_wconf 90' lang='lat' dir='ltr'><strong>Suarez;</strong></span> <span class='ocrx_word' id='word_1_279' title='bbox 1590 3242 1740 3316; x_wconf 90' lang='lat' dir='ltr'><strong>quia,</strong></span> <span class='ocrx_word' id='word_1_280' title='bbox 1771 3249 1829 3296; x_wconf 91' lang='lat' dir='ltr'><strong>ut</strong></span> <span class='ocrx_word' id='word_1_281' title='bbox 1864 3240 1998 3294; x_wconf 83' lang='lat' dir='ltr'><strong>dixit</strong></span> 
     </span>
     <span class='ocr_line' id='line_1_34' title="bbox 130 3328 1999 3411; baseline 0.001 -26"><span class='ocrx_word' id='word_1_282' title='bbox 130 3331 476 3387; x_wconf 85' lang='lat' dir='ltr'><strong>Innocentius</strong></span> <span class='ocrx_word' id='word_1_283' title='bbox 503 3333 695 3389; x_wconf 85' lang='lat' dir='ltr'><strong>tertius</strong></span> <span class='ocrx_word' id='word_1_284' title='bbox 722 3335 800 3407; x_wconf 93' lang='lat' dir='ltr'><strong>(in</strong></span> <span class='ocrx_word' id='word_1_285' title='bbox 828 3338 1001 3411; x_wconf 90' lang='lat' dir='ltr'><strong>capite</strong></span> <span class='ocrx_word' id='word_1_286' title='bbox 1026 3338 1199 3408; x_wconf 80' lang='lat' dir='ltr'><strong>Novit,</strong></span> <span class='ocrx_word' id='word_1_287' title='bbox 1237 3341 1300 3394; x_wconf 78' lang='lat' dir='ltr'><strong>cle</strong></span> <span class='ocrx_word' id='word_1_288' title='bbox 1314 3340 1546 3411; x_wconf 76' lang='lat' dir='ltr'><strong>judiciis)</strong></span> <span class='ocrx_word' id='word_1_289' title='bbox 1587 3328 1843 3394; x_wconf 86' lang='lat' dir='ltr'><strong>cohibere</strong></span> <span class='ocrx_word' id='word_1_290' title='bbox 1884 3351 1999 3406; x_wconf 88' lang='lat' dir='ltr'><strong>pec-</strong></span> 
     </span>
     <span class='ocr_line' id='line_1_35' title="bbox 130 3428 2000 3508; baseline -0.001 -26"><span class='ocrx_word' id='word_1_291' title='bbox 130 3434 244 3482; x_wconf 91' lang='lat' dir='ltr'><strong>cata</strong></span> <span class='ocrx_word' id='word_1_292' title='bbox 280 3428 563 3501; x_wconf 86' lang='lat' dir='ltr'><strong>proprium</strong></span> <span class='ocrx_word' id='word_1_293' title='bbox 597 3436 675 3485; x_wconf 87' lang='lat' dir='ltr'><strong>est</strong></span> <span class='ocrx_word' id='word_1_294' title='bbox 706 3431 1003 3505; x_wconf 89' lang='lat' dir='ltr'><strong>spiritualis</strong></span> <span class='ocrx_word' id='word_1_295' title='bbox 1038 3436 1338 3508; x_wconf 65' lang='lat' dir='ltr'><strong>potcstatis</strong></span> <span class='ocrx_word' id='word_1_296' title='bbox 1384 3437 1439 3490; x_wconf 83' lang='lat' dir='ltr'><strong>Et</strong></span> <span class='ocrx_word' id='word_1_297' title='bbox 1469 3434 1706 3489; x_wconf 87' lang='lat' dir='ltr'><strong>maxime</strong></span> <span class='ocrx_word' id='word_1_298' title='bbox 1739 3431 1805 3484; x_wconf 86' lang='lat' dir='ltr'><strong>ad</strong></span> <span class='ocrx_word' id='word_1_299' title='bbox 1840 3429 1895 3481; x_wconf 90' lang='lat' dir='ltr'><strong>id</strong></span> <span class='ocrx_word' id='word_1_300' title='bbox 1923 3433 2000 3481; x_wconf 92' lang='lat' dir='ltr'><strong>te-</strong></span> 
     </span>
     <span class='ocr_line' id='line_1_36' title="bbox 132 3525 1991 3600; baseline 0.001 -23"><span class='ocrx_word' id='word_1_301' title='bbox 132 3531 293 3578; x_wconf 86' lang='lat' dir='ltr'><strong>netur</strong></span> <span class='ocrx_word' id='word_1_302' title='bbox 319 3525 536 3596; x_wconf 88' lang='lat' dir='ltr'><strong>quando</strong></span> <span class='ocrx_word' id='word_1_303' title='bbox 565 3534 692 3583; x_wconf 92' lang='lat' dir='ltr'><strong>sunt</strong></span> <span class='ocrx_word' id='word_1_304' title='bbox 719 3529 937 3600; x_wconf 91' lang='lat' dir='ltr'><strong>publice</strong></span> <span class='ocrx_word' id='word_1_305' title='bbox 958 3532 1147 3588; x_wconf 86' lang='lat' dir='ltr'><strong>nociva</strong></span> <span class='ocrx_word' id='word_1_306' title='bbox 1165 3540 1219 3588; x_wconf 90' lang='lat' dir='ltr'><strong>et</strong></span> <span class='ocrx_word' id='word_1_307' title='bbox 1240 3539 1426 3588; x_wconf 88' lang='lat' dir='ltr'><strong>contra</strong></span> <span class='ocrx_word' id='word_1_308' title='bbox 1448 3547 1741 3587; x_wconf 87' lang='lat' dir='ltr'><strong>commune</strong></span> <span class='ocrx_word' id='word_1_309' title='bbox 1763 3529 1991 3581; x_wconf 90' lang='lat' dir='ltr'><strong>bonum.</strong></span> 
     </span>
     <span class='ocr_line' id='line_1_37' title="bbox 133 3614 1998 3701; baseline 0.001 -27"><span class='ocrx_word' id='word_1_310' title='bbox 133 3620 234 3675; x_wconf 91' lang='lat' dir='ltr'><strong>Sed</strong></span> <span class='ocrx_word' id='word_1_311' title='bbox 264 3620 384 3674; x_wconf 86' lang='lat' dir='ltr'><strong>talis</strong></span> <span class='ocrx_word' id='word_1_312' title='bbox 423 3625 503 3675; x_wconf 87' lang='lat' dir='ltr'><strong>est</strong></span> <span class='ocrx_word' id='word_1_313' title='bbox 527 3622 730 3678; x_wconf 85' lang='lat' dir='ltr'><strong>abusus</strong></span> <span class='ocrx_word' id='word_1_314' title='bbox 760 3624 853 3679; x_wconf 92' lang='lat' dir='ltr'><strong>ille</strong></span> <span class='ocrx_word' id='word_1_315' title='bbox 887 3631 1161 3699; x_wconf 83' lang='lat' dir='ltr'><strong>potestatis</strong></span> <span class='ocrx_word' id='word_1_316' title='bbox 1196 3629 1358 3701; x_wconf 84' lang='lat' dir='ltr'><strong>regiae</strong></span> <span class='ocrx_word' id='word_1_317' title='bbox 1398 3614 1476 3682; x_wconf 39' lang='lat' dir='ltr'><strong>ad&#39;</strong></span> <span class='ocrx_word' id='word_1_318' title='bbox 1498 3624 1804 3681; x_wconf 88' lang='lat' dir='ltr'><strong>nocendum</strong></span> <span class='ocrx_word' id='word_1_319' title='bbox 1836 3631 1885 3678; x_wconf 90' lang='lat' dir='ltr'><strong>et</strong></span> <span class='ocrx_word' id='word_1_320' title='bbox 1916 3621 1998 3676; x_wconf 90' lang='lat' dir='ltr'><strong>in-</strong></span> 
     </span>
    </p>
   </div>
  </div>
 </body>
</html>
