2340 4062
327 301 421 350 106
999 296 1300 342 TRACTATUS
1328 295 1394 342 DE
1427 296 1575 343 PAPA.

327 411 670 468 mandatum
688 407 944 466 Ecclesiae
970 405 1134 461 faciat
1158 405 1451 473 custodiri,
1481 406 1631 479 quod
1657 425 1758 482 per
1773 407 1924 482 ipsas
1947 411 2234 484 negotium

327 509 484 584 pacis
529 515 586 566 et
611 507 740 564 fidei
768 522 880 561 non
919 503 1098 559 valeat
1134 505 1477 579 perturbari3
1509 504 1596 561 vel
1622 524 1723 580 pro
1750 505 1887 581 ipsis
1928 510 2236 566 secundum

327 606 658 683 apostolicae
690 602 838 660 sedis
865 601 1162 659 arbitrium
1195 603 1772 678 recompensationem
1817 605 2236 680 accipiatcom—

329 712 630 782 petentem.
658 723 685 754 »

414 801 593 856 «Tota
618 816 746 855 vero
775 803 925 855 terra
958 817 1127 874 quam
1154 800 1522 859 obtinuerunt
1547 819 1714 859 cruce
1748 801 1952 875 signati
1979 803 2239 860 adversus

334 897 724 964 liaereticos...‚
760 915 888 953 cum
918 897 1096 954 Monte
1121 898 1333 956 Albano
1359 905 1525 973 atque
1549 901 1759 968 Tolosa,
1777 919 1899 977 quae
1930 901 2105 974 magis
2133 903 2241 958 hae-

331 998 504 1055 retica
533 998 659 1055 labe
689 1004 973 1072 corrupta,
1007 998 1324 1056 dimittatur
1351 1006 1402 1057 et
1430 1002 1767 1058 concedatur
1796 1002 1966 1076 (salvo
2001 1020 2102 1076 per
2127 1020 2241 1058 om-

331 1098 421 1155 nia
464 1100 868 1157 catholicorum
909 1099 1038 1172 jure
1077 1100 1355 1168 virorum,
1409 1102 1715 1158 mulierum
1757 1108 1812 1158 et
1853 1102 2234 1177 ecclesiarum)

327 1198 516 1256 comiti
545 1198 931 1266 MontisfortiS,
958 1199 1077 1256 viro
1104 1206 1337 1258 strenuo
1357 1208 1410 1257 et
1435 1201 1729 1269 catholico,
1752 1202 1846 1276 qui
1875 1203 2004 1278 plus
2026 1202 2239 1260 caeteris
2329 1208 2333 1212 ’

327 1300 387 1356 in
413 1301 520 1357 hoc
544 1299 766 1374 negotio
792 1300 1085 1367 laboravit,
1131 1307 1194 1357 ut
1230 1319 1351 1358 eam
1387 1307 1573 1359 teneat
1597 1302 1666 1358 ab
1696 1302 1833 1377 ipsis
1875 1322 1905 1359 a
1932 1304 2138 1377 quibus
2164 1310 2240 1360 te—
2319 1321 2322 1324 ⁴

326 1399 508 1456 nenda
536 1405 639 1456 est.

406 1499 703 1556 «Residua
736 1506 924 1556 autem
957 1507 1106 1557 terra
1147 1521 1271 1576 quae
1311 1521 1424 1559 non
1462 1504 1570 1560 fuit
1609 1524 1638 1560 a
1683 1523 1847 1561 cruce
1882 1504 2113 1578 signatis
2151 1503 2242 1561 ob-

325 1602 497 1663 tenta,
531 1597 893 1654 custodiatur
931 1599 1000 1654 ad
1026 1600 1353 1656 mandatum
1378 1601 1633 1658 Ecclesiae
1667 1621 1767 1677 per
1806 1603 1956 1659 viros
1986 1602 2235 1667 idone08‚

326 1696 422 1771 qui
459 1697 749 1770 negotium
792 1699 949 1772 pacis
985 1704 1038 1755 et
1080 1699 1207 1756 fidei
1248 1708 1648 1758 manuteneant
1687 1709 1740 1758 et
1793 1703 2136 1759 defendant:
2179 1708 2242 1758 ut

326 1797 604 1869 provideri
633 1797 811 1872 possit
838 1800 1008 1855 unico
1034 1799 1374 1857 adolescenti
1397 1801 1511 1857 filio
1536 1801 1754 1876 praefati
1772 1802 1990 1858 comitis
2010 1802 2237 1868 Tolosae,

326 1902 626 1971 postquam
664 1898 732 1953 ad
759 1898 1071 1971 legitimam
1098 1906 1317 1957 aetatem
1360 1902 1694 1976 pervenerit,
1735 1902 1780 1957 si
1819 1903 1986 1959 talem
2029 1919 2088 1958 sc
2128 1907 2241 1958 stu-

327 1993 511 2051 duerit
542 1997 810 2054 exhibere
838 2000 988 2073 quod
1023 1999 1083 2054 in
1118 2005 1233 2057 toto
1261 2001 1347 2057 vel
1379 2001 1437 2057 in
1471 2008 1629 2077 parte
1660 2002 1768 2077 ipsi
1812 2002 2009 2057 merito
2047 2001 2243 2058 debeat
2327 2018 2331 2023 ·

325 2093 633 2168 provideri,
695 2103 864 2170 prout
907 2098 1085 2172 magis
1133 2099 1415 2157 videbitur
1461 2099 1797 2175 expedire.»
1853 2100 2241 2174 (Conciliorum

324 2192 517 2272 Mansi‚
553 2200 591 2250 t.
632 2195 782 2261 XXII,
825 2196 1019 2269 1069.)

399 2290 515 2347 Nisi
546 2291 674 2365 quis
702 2293 895 2349 volens
931 2294 1206 2366 caecutiat,
1251 2295 1441 2351 statim
1482 2314 1544 2351 ac
1569 2295 1773 2370 duplex
1813 2294 2043 2350 citatum
2071 2295 2240 2351 docu-

324 2396 582 2446 mentum
625 2391 855 2463 legerit‚
915 2393 1162 2450 fateatur
1215 2413 1442 2452 necesse
1498 2402 1608 2463 cst,
1671 2395 1973 2452 concilium
2025 2394 2240 2452 Latera-

324 2504 498 2544 nense
538 2489 619 2555 lv,
658 2489 764 2546 sihi
808 2499 1139 2565 potestatem
1178 2493 1450 2551 tribuisse
1489 2495 1547 2550 in
1574 2513 1693 2551 rem
1734 2494 2099 2570 temporalem
2139 2500 2243 2550 sta-

323 2589 510 2639 tuum.

401 2682 483 2738 IV.
534 2683 770 2759 Insuper
817 2687 886 2742 ab
927 2688 1120 2744 eodem
1167 2690 1406 2747 concilio
1447 2691 1772 2748 confirmata
1817 2692 1925 2748 suit
1969 2691 2240 2766 depositio

326 2779 687 2854 imperatoris
726 2784 960 2842 Othonis
997 2787 1080 2854 IV,
1118 2793 1170 2845 et
1210 2789 1404 2845 electio
1445 2790 1482 2844 F
1487 2789 1725 2846 rederici
1758 2790 1801 2845 II
1836 2789 2006 2865 (apud
2047 2788 2237 2862 Mansi,

327 2877 703 2940 Conciliorum
731 2892 882 2942 tomo
914 2887 1062 2955 XXII,
1104 2907 1159 2963 p.
1194 2891 1387 2964 1075).
1427 2891 1562 2947 Item
1593 2890 1845 2965 ejusdem
1878 2889 2102 2947 concilii
2137 2908 2238 2945 au-

325 2978 582 3038 ctoritate
611 2985 910 3042 comitatus
950 2987 988 3042 F
993 2988 1122 3043 euxi
1159 2988 1264 3045 sub
1307 2989 1559 3047 custodia
1596 2991 1777 3064 Legati
1816 2989 1971 3046 Sedis
2012 2989 2240 3063 Aposto-

323 3076 446 3135 licae
487 3081 710 3155 positus
752 3085 886 3155 fuit;
940 3094 995 3143 et
1035 3087 1111 3144 ita
1158 3090 1431 3146 remansit
1469 3091 1645 3147 donec
1691 3107 1834 3146 anno
1871 3087 2126 3162 sequenti
2171 3086 2238 3142 ab

322 3175 570 3235 Honorio
621 3182 686 3236 III
737 3184 926 3240 comiti
971 3186 1141 3243 Feuxi
1205 3188 1460 3245 redditus
1515 3188 1640 3244 fuit.
1690 3189 1858 3244 Porro
1911 3188 2027 3243 haec
2068 3185 2236 3242 etiam

324 3276 566 3333 concilii
592 3285 745 3354 gesta
789 3285 1314 3344 manifestissimum
1349 3291 1482 3344 sunt
1515 3286 1802 3362 potestatis
1828 3285 1886 3342 in
1909 3283 2238 3361 temporalia

329 3376 682 3437 exercitium.
