2340 4062
305 311 364 356 58
983 301 1277 352 TRAc'rATcs
1310 263 1382 363 mi
1405 281 1556 348 PAPA'.

306 430 439 487 pere
476 413 746 470 laudavit.
774 444 850 453 —-
885 410 1080 482 Tertia,
1109 411 1349 464 testatur
1373 407 1572 464 relatio
1594 407 2057 480 Procas-verbam,
2097 409 2232 467 deli-

307 512 566 569 beratum
608 512 785 568 fuisse
817 510 877 564 in
908 505 1231 562 Assemblea
1266 492 1430 580 Cleri,
1461 507 1526 562 de
1556 506 1723 563 modo
1750 508 2070 566 removendi
2104 509 2239 565 a1ti-
2328 536 2331 541 ’

307 614 420 672 culi
457 633 487 670 a
516 616 668 670 tertio
703 611 887 667 ordine
915 606 1221 682 propositi;
1252 607 1358 665 hac
1385 608 1454 665 de
1483 626 1544 664 re
1566 625 1852 683 perorasse
1888 608 2231 668 cardinalem

307 711 676 772 Perronium;
720 712 774 763 ct
820 705 923 762 toti
969 705 1347 762 ecclesiastico
1393 706 1576 761 ordini
1631 706 1769 762 adeo
1811 705 2125 780 placuisse,
2169 713 2232 764 ut

309 813 519 868 electus
544 805 802 863 fueritin
836 805 1165 879 deputatum
1195 805 1333 861 cleri
1368 805 1541 862 simul
1579 811 1633 863 et
1671 805 1974 871 nobilium,
2007 804 2077 861 ad
2102 823 2228 880 pro-

308 906 670 984 pugnandam
696 924 922 963 causam
942 905 1090 981 apud
1120 906 1354 963 tertium
1383 910 1610 963 statum.
1640 906 1831 981 Ipsum
1867 910 2057 980 postea
2083 911 2234 964 retu-

307 1010 438 1066 lisse
464 1008 529 1063 dc
558 1008 776 1082 expleto
799 1007 1084 1078 mandam,
1113 1011 1166 1063 et
1194 1007 1390 1063 laudes
1415 1007 1771 1064 ecclesiastici
1802 1006 2015 1064 ordinis
2041 1025 2235 1064 consc-

307 1112 522 1165 cutum.
555 1106 729 1180 Igitur
757 1106 812 1161 id
840 1105 1210 1180 propugnavit
1247 1105 1572 1176 PerroniuS,
1602 1106 1669 1162 ad
1699 1106 1848 1180 quod
1875 1124 2232 1181 propugnan-

307 1206 440 1262 dum
483 1207 784 1280 deputatus
815 1205 1023 1261 fuerat.
1062 1204 1301 1261 Proinde
1333 1222 1447 1260 non
1482 1221 1643 1260 suam
1681 1210 1922 1272 tantum,
1961 1205 2058 1261 sed
2098 1205 2233 1262 cleri

305 1306 621 1362 doctrinam
645 1305 924 1381 exposuit.
957 1339 1026 1346 -
1055 1304 1275 1376 Quarto,
1315 1310 1502 1360 narrat
1521 1303 1868 1373 Grmnmont,
1895 1304 2232 1360 Parlamenti

305 1406 563 1462 Tolosani
597 1423 801 1480 praeses
833 1405 920 1476 (ad
951 1422 1161 1460 annum
1191 1404 1387 1478 1615),
1411 1402 1690 1476 quomodo
1714 1402 2027 1459 Parisiense
2047 1402 2234 1458 Parla-

306 1513 561 1562 mentum
604 1504 903 1561 adhaeserit
938 1504 1177 1560 articulo
1213 1503 1363 1560 tertii
1400 1503 1631 1571 ordiniS,
1678 1507 1731 1558 et
1772 1500 2053 1575 quomodo
2083 1500 2236 1557 istud

302 1602 643 1658 Parlamenti
675 1607 1014 1658 attentatum
1045 1601 1330 1675 ingentem
1359 1599 1739 1657 ecclesiastico
1765 1599 1951 1654 ordini
1978 1598 2234 1672 indigna-

304 1700 517 1756 tionem
543 1700 799 1756 moverit.
844 1722 870 1753 «
914 1699 1227 1756 Excanduit
1264 1699 1474 1769 clerus,
1515 1698 1724 1771 inquit,
1771 1697 1958 1753 addito
1994 1715 2106 1753 non
2142 1715 2235 1753 eas

306 1817 426 1856 esse
465 1798 802 1855 Parlamenti
840 1804 1031 1873 partes
1069 1805 1134 1854 ut
1171 1798 1320 1854 ultro
1354 1797 1709 1871 respondeat.
1758 1795 2004 1852 Comitiis
2045 1794 2233 1851 Galliae

308 1899 666 1974 generalibus
694 1898 1034 1968 convocatis,
1063 1897 1281 1971 regium
1311 1915 1477 1952 omne
1494 1898 1589 1969 jus
1615 1895 1948 1951 translatum
1975 1894 2031 1950 in
2058 1894 2226 1969 ipsis;

305 1999 443 2054 adeo
474 2006 535 2054 ut
560 1997 713 2054 velut
742 1997 963 2070 justitio
996 1996 1204 2052 indicto
1243 2014 1462 2052 cessare
1503 1996 1669 2052 debet
1699 1995 2080 2069 magistratus.
2112 1992 2229 2048 Cle-

307 2116 436 2152 rum
489 2104 542 2154 ct
585 2097 938 2153 nobilitatem
989 2098 1046 2152 in
1083 2097 1338 2153 eamdem
1391 2094 1722 2152 sententiam
1767 2093 2084 2163 convenire,
2126 2111 2230 2148 nec

295 2197 419 2252 ideo
458 2197 799 2252 contrariam
845 2196 1181 2252 sententiam
1220 2196 1422 2264 valere,
1455 2194 1584 2267 quia
1628 2194 1701 2249 ita
1727 2193 1972 2267 populus
2013 2198 2225 2249 censet.

292 2294 541 2350 Duorum
569 2300 692 2349 vota
730 2300 784 2350 et
815 2293 1057 2349 calculos
1088 2292 1188 2348 uni
1218 2291 1536 2366 praevalere.
1580 2313 1605 2342 »
1651 2291 1773 2346 Haec
1798 2309 1930 2347 sane
1957 2309 2068 2347 non
2093 2309 2216 2347 sus-

295 2393 442 2467 pecti
476 2391 719 2448 auctoris
742 2391 906 2447 verba
926 2396 1221 2459 testantur,
1246 2408 1360 2445 non
1387 2389 1556 2445 solius
1580 2389 1883 2445 cardinalis
1906 2390 1984 2445 Du
2001 2391 2212 2446 Perron

294 2491 468 2546 fuisse
511 2489 824 2545 doctrinam
874 2489 1109 2545 articulo
1146 2487 1297 2544 tertii
1340 2487 1555 2543 ordinis
1607 2487 1968 2556 contrariam,
2013 2489 2111 2544 sed
2154 2488 2214 2543 in

295 2589 547 2645 camdem
591 2589 782 2644 clerum
820 2596 869 2644 et
909 2589 1231 2643 nobilitatem
1260 2589 1579 2642 convenisse.
1626 2620 1694 2626 —
1739 2587 1951 2658 Quinto,
1982 2586 2212 2643 Comitia

291 2687 423 2744 cleri
452 2687 586 2742 anni
619 2687 767 2742 ‘1675
804 2686 974 2761 jussit
1000 2686 1139 2742 actis
1170 2686 1346 2742 inseri
1377 2684 1679 2741 cardinalis
1711 2683 1960 2740 Perronii
1990 2684 2213 2740 concio-

292 2805 421 2842 nem
447 2809 456 2852 ;
491 2803 620 2858 ergo
647 2791 781 2841 tunc
808 2785 975 2841 etiam
1007 2786 1192 2841 clerus
1221 2784 1378 2840 dictae
1401 2783 1686 2840 concionis
1713 2783 2025 2840 doctrinam
2052 2801 2212 2839 suam

289 2885 445 2942 fecit.
475 2917 551 2925 —
583 2885 765 2951 Semo,
814 2883 1007 2940 concio
1049 2883 1352 2940 cardinalis
1391 2883 1641 2939 Perronii
1683 2900 1870 2939 coram
1909 2881 2074 2938 tertio
2115 2899 2209 2937 or-

293 2984 444 3051 dine,
480 2984 577 3039 illa
620 2983 742 3057 ipsa
780 2982 885 3039 fuit
918 3000 1084 3056 quam
1124 2981 1585 3056 pronuntiaverat
1619 2999 1804 3037 coram
1832 2980 2029 3036 ordine
2059 2979 2214 3035 nobi-

292 3083 454 3150 lium,
501 3083 733 3139 mutatis
767 3082 1056 3139 dumtaxat
1093 3082 1319 3139 exordio
1363 3087 1414 3138 et
1451 3081 1821 3155 peroratione.
1871 3080 1932 3135 Id
1978 3085 2214 3136 testatur

293 3182 571 3239 monitum
601 3182 887 3256 praefixum
914 3181 1145 3238 editioni
1173 3179 1505 3236 authenticae
1531 3178 1776 3254 (Parisiis
1800 3177 1995 3251 1615),
2019 3178 2078 3233 in
2100 3196 2211 3251 quo

293 3282 376 3337 sic
401 3280 639 3337 habetur
666 3302 682 3333 .·
717 3302 743 3333 «
772 3279 844 3335 Or
870 3280 1070 3336 s’est-il
1097 3280 1352 3337 contente
1379 3279 1477 3351 (Du
1498 3276 1731 3349 Perron)
1761 3276 1827 3333 de
1858 3279 2212 3352 representer

293 3381 430 3438 celle
457 3381 531 3455 (la
555 3379 859 3454 harangue)
882 3379 1019 3454 qu’il
1045 3394 1330 3455 prononca
1351 3394 1420 3432 en
1445 3376 1500 3431 la
1525 3375 1790 3432 chambre
1815 3376 1891 3432 du
1913 3376 2045 3433 tiers
2075 3379 2208 3445 etat,

294 3479 542 3536 d'autant
569 3498 677 3555 que
703 3480 857 3535 l’une
879 3484 932 3535 et
955 3479 1176 3548 l'autre‚
1202 3475 1547 3532 c'est-a-dire
1576 3482 1693 3532 tant
1723 3476 1857 3532 celle
1893 3475 2030 3550 qu'il
2054 3475 2115 3532 fit
2141 3494 2210 3532 en

295 3582 348 3637 la
371 3581 636 3638 chambre
664 3580 731 3636 de
754 3580 807 3635 la
835 3579 1091 3636 noblesse
1118 3595 1225 3652 que
1255 3576 1394 3632 celle
1424 3576 1561 3649 qu’il
1587 3575 1644 3632 fit
1671 3594 1741 3632 en
1767 3575 1819 3631 la
1841 3575 2108 3633 chambre
2133 3575 2209 3631 du

298 3680 436 3737 tiers
468 3683 599 3747 etat,
619 3681 796 3753 farem
815 3695 915 3733 une
943 3680 1110 3732 meme
1137 3675 1287 3731 chose
1311 3681 1597 3747 quantana:
1617 3676 1843 3746 ναὶεοηε,
1874 3681 1927 3730 et
1954 3691 2023 3730 ne
2049 3670 2211 3728 diffe-
