<?xml version="1.0" encoding="UTF-8"?>
<!DOCTYPE html PUBLIC "-//W3C//DTD XHTML 1.0 Transitional//EN"
    "http://www.w3.org/TR/xhtml1/DTD/xhtml1-transitional.dtd">
<html xmlns="http://www.w3.org/1999/xhtml" xml:lang="en" lang="en">
 <head>
  <title>
</title>
<meta http-equiv="Content-Type" content="text/html;charset=utf-8" />
  <meta name='ocr-system' content='tesseract 3.04.00' />
  <meta name='ocr-capabilities' content='ocr_page ocr_carea ocr_par ocr_line ocrx_word'/>
</head>
<body>
  <div class='ocr_page' id='page_1' title='image "a548470103bouiuoft_0285.png"; bbox 0 0 2340 3990; ppageno 0'>
   <div class='ocr_carea' id='block_1_1' title="bbox 39 0 461 35">
    <p class='ocr_par' dir='ltr' id='par_1_1' title="bbox 39 0 461 35">
     <span class='ocr_line' id='line_1_1' title="bbox 39 0 461 35; baseline 0 0"><span class='ocrx_word' id='word_1_1' title='bbox 39 0 86 35; x_wconf 13' lang='grc' dir='ltr'><strong>γ’.</strong></span> <span class='ocrx_word' id='word_1_2' title='bbox 328 0 461 31; x_wconf 53' lang='grc' dir='ltr'><strong>ψ““’ἷ“</strong></span> 
     </span>
    </p>
   </div>
   <div class='ocr_carea' id='block_1_2' title="bbox 824 349 1950 412">
    <p class='ocr_par' dir='ltr' id='par_1_2' title="bbox 824 349 1950 412">
     <span class='ocr_line' id='line_1_2' title="bbox 824 349 1950 412; baseline -0.004 -13"><span class='ocrx_word' id='word_1_3' title='bbox 824 351 951 400; x_wconf 60' lang='lat' dir='ltr'><strong>rins</strong></span> <span class='ocrx_word' id='word_1_4' title='bbox 979 350 1195 412; x_wconf 56' lang='lat' dir='ltr'><strong>Quian.</strong></span> <span class='ocrx_word' id='word_1_5' title='bbox 1865 349 1950 395; x_wconf 82' lang='lat'><strong>261</strong></span> 
     </span>
    </p>
   </div>
   <div class='ocr_carea' id='block_1_3' title="bbox 86 453 1980 3355">
    <p class='ocr_par' dir='ltr' id='par_1_3' title="bbox 86 453 1970 2673">
     <span class='ocr_line' id='line_1_3' title="bbox 90 453 1956 530; baseline -0.008 -8"><span class='ocrx_word' id='word_1_6' title='bbox 90 480 188 522; x_wconf 88' lang='lat' dir='ltr'><strong>sua</strong></span> <span class='ocrx_word' id='word_1_7' title='bbox 215 463 498 530; x_wconf 88' lang='lat' dir='ltr'><strong>venderet;</strong></span> <span class='ocrx_word' id='word_1_8' title='bbox 539 479 608 519; x_wconf 94' lang='lat' dir='ltr'><strong>ne</strong></span> <span class='ocrx_word' id='word_1_9' title='bbox 650 460 860 518; x_wconf 92' lang='lat' dir='ltr'><strong>scilicet</strong></span> <span class='ocrx_word' id='word_1_10' title='bbox 890 458 948 514; x_wconf 93' lang='lat' dir='ltr'><strong>in</strong></span> <span class='ocrx_word' id='word_1_11' title='bbox 992 475 1190 514; x_wconf 89' lang='lat' dir='ltr'><strong>manus</strong></span> <span class='ocrx_word' id='word_1_12' title='bbox 1229 456 1535 514; x_wconf 84' lang='lat' dir='ltr'><strong>infidelium</strong></span> <span class='ocrx_word' id='word_1_13' title='bbox 1576 453 1855 511; x_wconf 83' lang='lat' dir='ltr'><strong>caderent.</strong></span> <span class='ocrx_word' id='word_1_14' title='bbox 1879 487 1956 497; x_wconf 89' lang='lat'><strong>—</strong></span> 
     </span>
     <span class='ocr_line' id='line_1_4' title="bbox 88 552 1955 635; baseline -0.005 -17"><span class='ocrx_word' id='word_1_15' title='bbox 88 552 454 618; x_wconf 78' lang='lat' dir='ltr'><strong>Decreverunt</strong></span> <span class='ocrx_word' id='word_1_16' title='bbox 484 561 639 635; x_wconf 90' lang='lat' dir='ltr'><strong>plura</strong></span> <span class='ocrx_word' id='word_1_17' title='bbox 670 557 854 615; x_wconf 85' lang='lat' dir='ltr'><strong>Galliae</strong></span> <span class='ocrx_word' id='word_1_18' title='bbox 881 575 944 614; x_wconf 90' lang='lat' dir='ltr'><strong>ac</strong></span> <span class='ocrx_word' id='word_1_19' title='bbox 972 557 1245 632; x_wconf 86' lang='lat' dir='ltr'><strong>Hispaniae</strong></span> <span class='ocrx_word' id='word_1_20' title='bbox 1276 555 1531 628; x_wconf 82' lang='lat' dir='ltr'><strong>concilia,</strong></span> <span class='ocrx_word' id='word_1_21' title='bbox 1556 553 1767 629; x_wconf 87' lang='lat' dir='ltr'><strong>judaeos</strong></span> <span class='ocrx_word' id='word_1_22' title='bbox 1800 553 1955 610; x_wconf 92' lang='lat' dir='ltr'><strong>omni</strong></span> 
     </span>
     <span class='ocr_line' id='line_1_5' title="bbox 86 652 1955 736; baseline -0.005 -19"><span class='ocrx_word' id='word_1_23' title='bbox 86 663 212 736; x_wconf 89' lang='lat' dir='ltr'><strong>jure</strong></span> <span class='ocrx_word' id='word_1_24' title='bbox 244 659 301 715; x_wconf 92' lang='lat' dir='ltr'><strong>in</strong></span> <span class='ocrx_word' id='word_1_25' title='bbox 331 674 512 715; x_wconf 87' lang='lat' dir='ltr'><strong>servos</strong></span> <span class='ocrx_word' id='word_1_26' title='bbox 543 673 670 712; x_wconf 88' lang='lat' dir='ltr'><strong>suos</strong></span> <span class='ocrx_word' id='word_1_27' title='bbox 695 654 813 728; x_wconf 92' lang='lat' dir='ltr'><strong>ipso</strong></span> <span class='ocrx_word' id='word_1_28' title='bbox 850 653 991 710; x_wconf 84' lang='lat' dir='ltr'><strong>sacto</strong></span> <span class='ocrx_word' id='word_1_29' title='bbox 1016 654 1276 727; x_wconf 88' lang='lat' dir='ltr'><strong>spoliatos</strong></span> <span class='ocrx_word' id='word_1_30' title='bbox 1310 655 1446 720; x_wconf 85' lang='lat' dir='ltr'><strong>sore,</strong></span> <span class='ocrx_word' id='word_1_31' title='bbox 1477 655 1525 711; x_wconf 90' lang='lat' dir='ltr'><strong>si</strong></span> <span class='ocrx_word' id='word_1_32' title='bbox 1563 673 1656 712; x_wconf 95' lang='lat' dir='ltr'><strong>eos</strong></span> <span class='ocrx_word' id='word_1_33' title='bbox 1677 652 1955 725; x_wconf 84' lang='lat' dir='ltr'><strong>judaizare</strong></span> 
     </span>
     <span class='ocr_line' id='line_1_6' title="bbox 92 748 1956 831; baseline -0.005 -16"><span class='ocrx_word' id='word_1_34' title='bbox 92 757 410 831; x_wconf 82' lang='lat' dir='ltr'><strong>coegissent.</strong></span> <span class='ocrx_word' id='word_1_35' title='bbox 447 751 553 807; x_wconf 90' lang='lat' dir='ltr'><strong>Nec</strong></span> <span class='ocrx_word' id='word_1_36' title='bbox 583 750 797 807; x_wconf 88' lang='lat' dir='ltr'><strong>dicatur</strong></span> <span class='ocrx_word' id='word_1_37' title='bbox 831 748 888 804; x_wconf 92' lang='lat' dir='ltr'><strong>id</strong></span> <span class='ocrx_word' id='word_1_38' title='bbox 926 749 1208 806; x_wconf 91' lang='lat' dir='ltr'><strong>decretum</strong></span> <span class='ocrx_word' id='word_1_39' title='bbox 1248 750 1299 806; x_wconf 86' lang='lat' dir='ltr'><strong>vi</strong></span> <span class='ocrx_word' id='word_1_40' title='bbox 1332 751 1517 825; x_wconf 85' lang='lat' dir='ltr'><strong>legum</strong></span> <span class='ocrx_word' id='word_1_41' title='bbox 1551 751 1956 820; x_wconf 86' lang='lat' dir='ltr'><strong>Romanorum,</strong></span> 
     </span>
     <span class='ocr_line' id='line_1_7' title="bbox 95 845 1958 930; baseline -0.004 -19"><span class='ocrx_word' id='word_1_42' title='bbox 95 873 216 930; x_wconf 81' lang='lat' dir='ltr'><strong>quae</strong></span> <span class='ocrx_word' id='word_1_43' title='bbox 236 850 626 929; x_wconf 81' lang='lat' dir='ltr'>prohibuerant</span> <span class='ocrx_word' id='word_1_44' title='bbox 646 863 712 902; x_wconf 92' lang='lat' dir='ltr'><strong>ne</strong></span> <span class='ocrx_word' id='word_1_45' title='bbox 730 845 900 919; x_wconf 85' lang='lat' dir='ltr'><strong>judaei</strong></span> <span class='ocrx_word' id='word_1_46' title='bbox 923 847 1256 903; x_wconf 88' lang='lat' dir='ltr'><strong>christianos</strong></span> <span class='ocrx_word' id='word_1_47' title='bbox 1277 866 1462 905; x_wconf 90' lang='lat' dir='ltr'><strong>servos</strong></span> <span class='ocrx_word' id='word_1_48' title='bbox 1489 849 1691 906; x_wconf 90' lang='lat' dir='ltr'><strong>habere</strong></span> <span class='ocrx_word' id='word_1_49' title='bbox 1715 853 1958 922; x_wconf 81' lang='lat' dir='ltr'><strong>possent.</strong></span> 
     </span>
     <span class='ocr_line' id='line_1_8' title="bbox 94 942 1959 1020; baseline -0.004 -11"><span class='ocrx_word' id='word_1_50' title='bbox 94 954 228 1009; x_wconf 91' lang='lat' dir='ltr'><strong>Nam</strong></span> <span class='ocrx_word' id='word_1_51' title='bbox 257 955 386 1006; x_wconf 87' lang='lat' dir='ltr'><strong>tunc</strong></span> <span class='ocrx_word' id='word_1_52' title='bbox 418 942 680 1018; x_wconf 91' lang='lat' dir='ltr'><strong>temporis</strong></span> <span class='ocrx_word' id='word_1_53' title='bbox 713 942 870 998; x_wconf 87' lang='lat' dir='ltr'><strong>dictae</strong></span> <span class='ocrx_word' id='word_1_54' title='bbox 911 943 1057 1016; x_wconf 88' lang='lat' dir='ltr'><strong>leges</strong></span> <span class='ocrx_word' id='word_1_55' title='bbox 1092 944 1148 999; x_wconf 90' lang='lat' dir='ltr'><strong>in</strong></span> <span class='ocrx_word' id='word_1_56' title='bbox 1173 944 1360 1001; x_wconf 89' lang='lat' dir='ltr'><strong>Galliis</strong></span> <span class='ocrx_word' id='word_1_57' title='bbox 1393 951 1448 1002; x_wconf 92' lang='lat' dir='ltr'><strong>et</strong></span> <span class='ocrx_word' id='word_1_58' title='bbox 1478 947 1535 1002; x_wconf 92' lang='lat' dir='ltr'><strong>in</strong></span> <span class='ocrx_word' id='word_1_59' title='bbox 1562 947 1819 1020; x_wconf 82' lang='lat' dir='ltr'><strong>Hispania</strong></span> <span class='ocrx_word' id='word_1_60' title='bbox 1847 946 1959 1002; x_wconf 90' lang='lat' dir='ltr'><strong>vim</strong></span> 
     </span>
     <span class='ocr_line' id='line_1_9' title="bbox 96 1039 1963 1107; baseline -0.004 -1"><span class='ocrx_word' id='word_1_61' title='bbox 96 1067 202 1106; x_wconf 93' lang='lat' dir='ltr'><strong>non</strong></span> <span class='ocrx_word' id='word_1_62' title='bbox 241 1044 543 1107; x_wconf 88' lang='lat' dir='ltr'><strong>habebant;</strong></span> <span class='ocrx_word' id='word_1_63' title='bbox 586 1041 697 1095; x_wconf 91' lang='lat' dir='ltr'><strong>imo</strong></span> <span class='ocrx_word' id='word_1_64' title='bbox 742 1059 841 1095; x_wconf 92' lang='lat' dir='ltr'><strong>nec</strong></span> <span class='ocrx_word' id='word_1_65' title='bbox 890 1039 1075 1096; x_wconf 85' lang='lat' dir='ltr'><strong>forsan</strong></span> <span class='ocrx_word' id='word_1_66' title='bbox 1120 1043 1509 1099; x_wconf 90' lang='lat' dir='ltr'><strong>noscebantur.</strong></span> <span class='ocrx_word' id='word_1_67' title='bbox 1560 1075 1628 1084; x_wconf 90' lang='lat'><strong>--</strong></span> <span class='ocrx_word' id='word_1_68' title='bbox 1658 1044 1963 1100; x_wconf 87' lang='lat' dir='ltr'><strong>Concilium</strong></span> 
     </span>
     <span class='ocr_line' id='line_1_10' title="bbox 94 1137 1965 1211; baseline -0.003 -9"><span class='ocrx_word' id='word_1_69' title='bbox 94 1143 476 1202; x_wconf 80' lang='lat' dir='ltr'><strong>Aurelianense</strong></span> <span class='ocrx_word' id='word_1_70' title='bbox 499 1137 562 1192; x_wconf 91' lang='lat' dir='ltr'><strong>IV</strong></span> <span class='ocrx_word' id='word_1_71' title='bbox 591 1137 669 1192; x_wconf 94' lang='lat' dir='ltr'><strong>sic</strong></span> <span class='ocrx_word' id='word_1_72' title='bbox 701 1138 866 1192; x_wconf 87' lang='lat' dir='ltr'><strong>habet</strong></span> <span class='ocrx_word' id='word_1_73' title='bbox 895 1160 905 1191; x_wconf 92' lang='lat'><strong>:</strong></span> <span class='ocrx_word' id='word_1_74' title='bbox 942 1158 966 1188; x_wconf 90' lang='lat'>«</span> <span class='ocrx_word' id='word_1_75' title='bbox 990 1138 1123 1193; x_wconf 92' lang='lat' dir='ltr'><strong>Cum</strong></span> <span class='ocrx_word' id='word_1_76' title='bbox 1156 1139 1434 1211; x_wconf 82' lang='lat' dir='ltr'><strong>prioribus</strong></span> <span class='ocrx_word' id='word_1_77' title='bbox 1462 1141 1768 1196; x_wconf 86' lang='lat' dir='ltr'><strong>canonibus</strong></span> <span class='ocrx_word' id='word_1_78' title='bbox 1795 1141 1965 1196; x_wconf 89' lang='lat' dir='ltr'><strong>fuerit</strong></span> 
     </span>
     <span class='ocr_line' id='line_1_11' title="bbox 93 1233 1960 1310; baseline -0.003 -12"><span class='ocrx_word' id='word_1_79' title='bbox 93 1241 374 1298; x_wconf 87' lang='lat' dir='ltr'><strong>definitum</strong></span> <span class='ocrx_word' id='word_1_80' title='bbox 396 1242 456 1293; x_wconf 90' lang='lat' dir='ltr'><strong>ut</strong></span> <span class='ocrx_word' id='word_1_81' title='bbox 475 1235 542 1291; x_wconf 95' lang='lat' dir='ltr'><strong>de</strong></span> <span class='ocrx_word' id='word_1_82' title='bbox 567 1233 860 1306; x_wconf 84' lang='lat' dir='ltr'><strong>mancipiis</strong></span> <span class='ocrx_word' id='word_1_83' title='bbox 887 1233 1224 1302; x_wconf 90' lang='lat' dir='ltr'><strong>christianis,</strong></span> <span class='ocrx_word' id='word_1_84' title='bbox 1256 1254 1377 1308; x_wconf 82' lang='lat' dir='ltr'><strong>quae</strong></span> <span class='ocrx_word' id='word_1_85' title='bbox 1406 1237 1549 1310; x_wconf 91' lang='lat' dir='ltr'><strong>apud</strong></span> <span class='ocrx_word' id='word_1_86' title='bbox 1569 1238 1782 1310; x_wconf 83' lang='lat' dir='ltr'><strong>judaeos</strong></span> <span class='ocrx_word' id='word_1_87' title='bbox 1809 1246 1960 1303; x_wconf 91' lang='lat' dir='ltr'><strong>sunt,</strong></span> 
     </span>
     <span class='ocr_line' id='line_1_12' title="bbox 89 1330 1967 1404; baseline -0.002 -13"><span class='ocrx_word' id='word_1_88' title='bbox 89 1335 135 1392; x_wconf 91' lang='lat' dir='ltr'><strong>si</strong></span> <span class='ocrx_word' id='word_1_89' title='bbox 163 1334 229 1389; x_wconf 90' lang='lat' dir='ltr'><strong>ad</strong></span> <span class='ocrx_word' id='word_1_90' title='bbox 261 1331 554 1388; x_wconf 90' lang='lat' dir='ltr'><strong>Ecclesiam</strong></span> <span class='ocrx_word' id='word_1_91' title='bbox 579 1330 931 1402; x_wconf 64' lang='lat' dir='ltr'><strong>confugerint</strong></span> <span class='ocrx_word' id='word_1_92' title='bbox 966 1336 1018 1386; x_wconf 90' lang='lat' dir='ltr'><strong>et</strong></span> <span class='ocrx_word' id='word_1_93' title='bbox 1058 1330 1257 1385; x_wconf 92' lang='lat' dir='ltr'><strong>redimi</strong></span> <span class='ocrx_word' id='word_1_94' title='bbox 1299 1349 1356 1386; x_wconf 93' lang='lat' dir='ltr'><strong>se</strong></span> <span class='ocrx_word' id='word_1_95' title='bbox 1393 1331 1866 1404; x_wconf 77' lang='lat' dir='ltr'><strong>postulaverint...</strong></span> <span class='ocrx_word' id='word_1_96' title='bbox 1913 1338 1967 1387; x_wconf 91' lang='lat' dir='ltr'><strong>et</strong></span> 
     </span>
     <span class='ocr_line' id='line_1_13' title="bbox 89 1428 1965 1502; baseline -0.001 -15"><span class='ocrx_word' id='word_1_97' title='bbox 89 1431 289 1488; x_wconf 88' lang='lat' dir='ltr'><strong>servire</strong></span> <span class='ocrx_word' id='word_1_98' title='bbox 321 1429 519 1502; x_wconf 75' lang='lat' dir='ltr'><strong>judaeis</strong></span> <span class='ocrx_word' id='word_1_99' title='bbox 562 1429 862 1494; x_wconf 90' lang='lat' dir='ltr'><strong>noluerint,</strong></span> <span class='ocrx_word' id='word_1_100' title='bbox 907 1434 1087 1484; x_wconf 79' lang='lat' dir='ltr'><strong>taxato</strong></span> <span class='ocrx_word' id='word_1_101' title='bbox 1134 1434 1187 1484; x_wconf 89' lang='lat' dir='ltr'><strong>et</strong></span> <span class='ocrx_word' id='word_1_102' title='bbox 1232 1429 1413 1484; x_wconf 91' lang='lat' dir='ltr'><strong>oblato</strong></span> <span class='ocrx_word' id='word_1_103' title='bbox 1453 1448 1482 1484; x_wconf 90' lang='lat' dir='ltr'><strong>a</strong></span> <span class='ocrx_word' id='word_1_104' title='bbox 1526 1428 1785 1485; x_wconf 89' lang='lat' dir='ltr'><strong>fidelibus</strong></span> <span class='ocrx_word' id='word_1_105' title='bbox 1813 1429 1965 1502; x_wconf 88' lang='lat' dir='ltr'><strong>justo</strong></span> 
     </span>
     <span class='ocr_line' id='line_1_14' title="bbox 88 1526 1964 1605; baseline -0.002 -21"><span class='ocrx_word' id='word_1_106' title='bbox 88 1528 280 1605; x_wconf 88' lang='lat' dir='ltr'><strong>preti0,</strong></span> <span class='ocrx_word' id='word_1_107' title='bbox 318 1527 383 1581; x_wconf 92' lang='lat' dir='ltr'><strong>ab</strong></span> <span class='ocrx_word' id='word_1_108' title='bbox 425 1544 618 1582; x_wconf 90' lang='lat' dir='ltr'><strong>eorum</strong></span> <span class='ocrx_word' id='word_1_109' title='bbox 651 1526 895 1581; x_wconf 89' lang='lat' dir='ltr'><strong>dominio</strong></span> <span class='ocrx_word' id='word_1_110' title='bbox 928 1526 1254 1582; x_wconf 88' lang='lat' dir='ltr'><strong>liberentur.</strong></span> <span class='ocrx_word' id='word_1_111' title='bbox 1283 1548 1309 1578; x_wconf 90' lang='lat'>»</span> <span class='ocrx_word' id='word_1_112' title='bbox 1342 1558 1410 1565; x_wconf 93' lang='lat'>—</span> <span class='ocrx_word' id='word_1_113' title='bbox 1443 1526 1503 1580; x_wconf 93' lang='lat' dir='ltr'><strong>In</strong></span> <span class='ocrx_word' id='word_1_114' title='bbox 1546 1526 1778 1582; x_wconf 85' lang='lat' dir='ltr'><strong>concilio</strong></span> <span class='ocrx_word' id='word_1_115' title='bbox 1812 1526 1964 1581; x_wconf 93' lang='lat' dir='ltr'><strong>Tole-</strong></span> 
     </span>
     <span class='ocr_line' id='line_1_15' title="bbox 88 1622 1965 1696; baseline -0.003 -12"><span class='ocrx_word' id='word_1_116' title='bbox 88 1630 210 1684; x_wconf 80' lang='lat' dir='ltr'><strong>tano</strong></span> <span class='ocrx_word' id='word_1_117' title='bbox 247 1625 329 1690; x_wconf 89' lang='grc' dir='ltr'>ΙΙΙ,</span> <span class='ocrx_word' id='word_1_118' title='bbox 363 1642 478 1696; x_wconf 88' lang='lat' dir='ltr'><strong>cap.</strong></span> <span class='ocrx_word' id='word_1_119' title='bbox 519 1642 636 1677; x_wconf 79' lang='lat' dir='ltr'><strong>xiv:</strong></span> <span class='ocrx_word' id='word_1_120' title='bbox 675 1622 786 1677; x_wconf 88' lang='lat' dir='ltr'><strong>«Si</strong></span> <span class='ocrx_word' id='word_1_121' title='bbox 822 1623 1069 1695; x_wconf 85' lang='lat' dir='ltr'><strong>quivero</strong></span> <span class='ocrx_word' id='word_1_122' title='bbox 1102 1623 1391 1678; x_wconf 88' lang='lat' dir='ltr'><strong>christiani</strong></span> <span class='ocrx_word' id='word_1_123' title='bbox 1431 1624 1612 1695; x_wconf 79' lang='lat' dir='ltr'><strong>(servi)</strong></span> <span class='ocrx_word' id='word_1_124' title='bbox 1652 1625 1719 1679; x_wconf 89' lang='lat' dir='ltr'><strong>ab</strong></span> <span class='ocrx_word' id='word_1_125' title='bbox 1762 1623 1841 1679; x_wconf 92' lang='lat' dir='ltr'><strong>eis</strong></span> <span class='ocrx_word' id='word_1_126' title='bbox 1875 1623 1965 1696; x_wconf 91' lang='lat' dir='ltr'><strong>ju-</strong></span> 
     </span>
     <span class='ocr_line' id='line_1_16' title="bbox 89 1719 1964 1788; baseline -0.003 -9"><span class='ocrx_word' id='word_1_127' title='bbox 89 1720 238 1779; x_wconf 87' lang='lat' dir='ltr'><strong>daico</strong></span> <span class='ocrx_word' id='word_1_128' title='bbox 270 1720 379 1774; x_wconf 90' lang='lat' dir='ltr'><strong>ritu</strong></span> <span class='ocrx_word' id='word_1_129' title='bbox 417 1725 545 1776; x_wconf 92' lang='lat' dir='ltr'><strong>sunt</strong></span> <span class='ocrx_word' id='word_1_130' title='bbox 588 1719 868 1788; x_wconf 87' lang='lat' dir='ltr'><strong>maculati,</strong></span> <span class='ocrx_word' id='word_1_131' title='bbox 907 1720 989 1775; x_wconf 85' lang='lat' dir='ltr'><strong>vel</strong></span> <span class='ocrx_word' id='word_1_132' title='bbox 1028 1720 1194 1775; x_wconf 85' lang='lat' dir='ltr'><strong>etiam</strong></span> <span class='ocrx_word' id='word_1_133' title='bbox 1233 1720 1569 1784; x_wconf 86' lang='lat' dir='ltr'><strong>circumcisi,</strong></span> <span class='ocrx_word' id='word_1_134' title='bbox 1599 1739 1709 1774; x_wconf 92' lang='lat' dir='ltr'><strong>non</strong></span> <span class='ocrx_word' id='word_1_135' title='bbox 1751 1720 1964 1776; x_wconf 89' lang='lat' dir='ltr'><strong>reddito</strong></span> 
     </span>
     <span class='ocr_line' id='line_1_17' title="bbox 89 1818 1964 1894; baseline -0.003 -20"><span class='ocrx_word' id='word_1_136' title='bbox 89 1819 279 1894; x_wconf 88' lang='lat' dir='ltr'><strong>preti0,</strong></span> <span class='ocrx_word' id='word_1_137' title='bbox 311 1819 378 1873; x_wconf 89' lang='lat' dir='ltr'><strong>ad</strong></span> <span class='ocrx_word' id='word_1_138' title='bbox 411 1818 720 1873; x_wconf 82' lang='lat' dir='ltr'><strong>libertatem</strong></span> <span class='ocrx_word' id='word_1_139' title='bbox 747 1823 799 1872; x_wconf 91' lang='lat' dir='ltr'><strong>et</strong></span> <span class='ocrx_word' id='word_1_140' title='bbox 826 1818 1182 1873; x_wconf 79' lang='lat' dir='ltr'><strong>christianam</strong></span> <span class='ocrx_word' id='word_1_141' title='bbox 1213 1818 1536 1891; x_wconf 80' lang='lat' dir='ltr'><strong>religionem</strong></span> <span class='ocrx_word' id='word_1_142' title='bbox 1563 1821 1809 1874; x_wconf 87' lang='lat' dir='ltr'><strong>redeant.</strong></span> <span class='ocrx_word' id='word_1_143' title='bbox 1835 1842 1861 1869; x_wconf 87' lang='lat'>»</span> <span class='ocrx_word' id='word_1_144' title='bbox 1895 1852 1964 1860; x_wconf 78' lang='grc'><strong>.-</strong></span> 
     </span>
     <span class='ocr_line' id='line_1_18' title="bbox 88 1915 1967 1985; baseline -0.001 -13"><span class='ocrx_word' id='word_1_145' title='bbox 88 1915 146 1972; x_wconf 89' lang='lat' dir='ltr'><strong>In</strong></span> <span class='ocrx_word' id='word_1_146' title='bbox 174 1916 403 1972; x_wconf 90' lang='lat' dir='ltr'><strong>coneilio</strong></span> <span class='ocrx_word' id='word_1_147' title='bbox 431 1915 838 1985; x_wconf 83' lang='lat' dir='ltr'><strong>Matisconensi,</strong></span> <span class='ocrx_word' id='word_1_148' title='bbox 868 1933 1011 1970; x_wconf 90' lang='lat' dir='ltr'><strong>anno</strong></span> <span class='ocrx_word' id='word_1_149' title='bbox 1043 1915 1263 1971; x_wconf 89' lang='lat' dir='ltr'><strong>circiter</strong></span> <span class='ocrx_word' id='word_1_150' title='bbox 1296 1916 1396 1971; x_wconf 68' lang='lat'><strong>581</strong></span> <span class='ocrx_word' id='word_1_151' title='bbox 1432 1936 1443 1967; x_wconf 75' lang='grc' dir='ltr'><strong>ε</strong></span> <span class='ocrx_word' id='word_1_152' title='bbox 1497 1937 1522 1967; x_wconf 91' lang='lat'>«</span> <span class='ocrx_word' id='word_1_153' title='bbox 1551 1916 1725 1972; x_wconf 79' lang='lat' dir='ltr'><strong>Judaei</strong></span> <span class='ocrx_word' id='word_1_154' title='bbox 1766 1935 1895 1972; x_wconf 88' lang='lat' dir='ltr'><strong>vero</strong></span> <span class='ocrx_word' id='word_1_155' title='bbox 1921 1916 1967 1971; x_wconf 91' lang='lat' dir='ltr'><strong>si</strong></span> 
     </span>
     <span class='ocr_line' id='line_1_19' title="bbox 89 2013 1964 2088; baseline -0.001 -17"><span class='ocrx_word' id='word_1_156' title='bbox 89 2015 384 2072; x_wconf 88' lang='lat' dir='ltr'><strong>christiana</strong></span> <span class='ocrx_word' id='word_1_157' title='bbox 427 2014 701 2087; x_wconf 89' lang='lat' dir='ltr'><strong>mancipia</strong></span> <span class='ocrx_word' id='word_1_158' title='bbox 739 2014 805 2068; x_wconf 85' lang='lat' dir='ltr'><strong>ad</strong></span> <span class='ocrx_word' id='word_1_159' title='bbox 851 2013 1195 2084; x_wconf 79' lang='lat' dir='ltr'><strong>judaismum</strong></span> <span class='ocrx_word' id='word_1_160' title='bbox 1235 2031 1429 2069; x_wconf 88' lang='lat' dir='ltr'><strong>vocare</strong></span> <span class='ocrx_word' id='word_1_161' title='bbox 1485 2015 1964 2088; x_wconf 59' lang='lat' dir='ltr'><strong>praesumpserint,</strong></span> 
     </span>
     <span class='ocr_line' id='line_1_20' title="bbox 89 2109 1969 2185; baseline -0.002 -19"><span class='ocrx_word' id='word_1_162' title='bbox 89 2110 202 2185; x_wconf 90' lang='lat' dir='ltr'><strong>ipsa</strong></span> <span class='ocrx_word' id='word_1_163' title='bbox 246 2111 515 2184; x_wconf 82' lang='lat' dir='ltr'><strong>mancipia</strong></span> <span class='ocrx_word' id='word_1_164' title='bbox 557 2111 672 2166; x_wconf 84' lang='lat' dir='ltr'><strong>fisci</strong></span> <span class='ocrx_word' id='word_1_165' title='bbox 714 2111 1019 2166; x_wconf 83' lang='lat' dir='ltr'><strong>ditionibus</strong></span> <span class='ocrx_word' id='word_1_166' title='bbox 1068 2118 1470 2165; x_wconf 70' lang='lat' dir='ltr'><strong>revocentur.»</strong></span> <span class='ocrx_word' id='word_1_167' title='bbox 1518 2142 1592 2149; x_wconf 91' lang='lat'><strong>——</strong></span> <span class='ocrx_word' id='word_1_168' title='bbox 1632 2109 1688 2163; x_wconf 92' lang='lat' dir='ltr'><strong>In</strong></span> <span class='ocrx_word' id='word_1_169' title='bbox 1733 2109 1969 2164; x_wconf 92' lang='lat' dir='ltr'><strong>coneilio</strong></span> 
     </span>
     <span class='ocr_line' id='line_1_21' title="bbox 86 2207 1970 2282; baseline -0.002 -17"><span class='ocrx_word' id='word_1_170' title='bbox 86 2210 337 2265; x_wconf 82' lang='lat' dir='ltr'><strong>Toletano</strong></span> <span class='ocrx_word' id='word_1_171' title='bbox 378 2210 460 2278; x_wconf 88' lang='lat' dir='ltr'><strong>IV,</strong></span> <span class='ocrx_word' id='word_1_172' title='bbox 501 2227 621 2264; x_wconf 87' lang='lat' dir='ltr'><strong>ean.</strong></span> <span class='ocrx_word' id='word_1_173' title='bbox 662 2209 755 2278; x_wconf 82' lang='lat'><strong>59,</strong></span> <span class='ocrx_word' id='word_1_174' title='bbox 808 2211 988 2282; x_wconf 89' lang='lat' dir='ltr'><strong>quoad</strong></span> <span class='ocrx_word' id='word_1_175' title='bbox 1030 2213 1324 2282; x_wconf 82' lang='lat' dir='ltr'><strong>apostataS,</strong></span> <span class='ocrx_word' id='word_1_176' title='bbox 1380 2208 1475 2281; x_wconf 85' lang='lat' dir='ltr'><strong>qui</strong></span> <span class='ocrx_word' id='word_1_177' title='bbox 1521 2207 1769 2263; x_wconf 77' lang='lat' dir='ltr'><strong>conversi</strong></span> <span class='ocrx_word' id='word_1_178' title='bbox 1812 2226 1841 2262; x_wconf 90' lang='lat' dir='ltr'><strong>a</strong></span> <span class='ocrx_word' id='word_1_179' title='bbox 1883 2208 1970 2280; x_wconf 87' lang='lat' dir='ltr'><strong>ju-</strong></span> 
     </span>
     <span class='ocr_line' id='line_1_22' title="bbox 88 2304 1970 2381; baseline -0.002 -18"><span class='ocrx_word' id='word_1_180' title='bbox 88 2307 297 2364; x_wconf 91' lang='lat' dir='ltr'><strong>daismo</strong></span> <span class='ocrx_word' id='word_1_181' title='bbox 319 2314 371 2363; x_wconf 92' lang='lat' dir='ltr'><strong>et</strong></span> <span class='ocrx_word' id='word_1_182' title='bbox 408 2315 625 2380; x_wconf 88' lang='lat' dir='ltr'><strong>accepto</strong></span> <span class='ocrx_word' id='word_1_183' title='bbox 653 2308 928 2381; x_wconf 87' lang='lat' dir='ltr'><strong>baptismo</strong></span> <span class='ocrx_word' id='word_1_184' title='bbox 965 2308 1032 2362; x_wconf 90' lang='lat' dir='ltr'><strong>ad</strong></span> <span class='ocrx_word' id='word_1_185' title='bbox 1065 2306 1408 2379; x_wconf 79' lang='lat' dir='ltr'><strong>judaismum</strong></span> <span class='ocrx_word' id='word_1_186' title='bbox 1442 2305 1741 2370; x_wconf 82' lang='lat' dir='ltr'><strong>redierant,</strong></span> <span class='ocrx_word' id='word_1_187' title='bbox 1773 2304 1852 2359; x_wconf 91' lang='lat' dir='ltr'><strong>sie</strong></span> <span class='ocrx_word' id='word_1_188' title='bbox 1881 2305 1970 2360; x_wconf 90' lang='lat' dir='ltr'><strong>de-</strong></span> 
     </span>
     <span class='ocr_line' id='line_1_23' title="bbox 88 2402 1966 2479; baseline -0.002 -19"><span class='ocrx_word' id='word_1_189' title='bbox 88 2406 330 2461; x_wconf 87' lang='lat' dir='ltr'><strong>cernitur</strong></span> <span class='ocrx_word' id='word_1_190' title='bbox 363 2425 373 2458; x_wconf 90' lang='lat'>:</span> <span class='ocrx_word' id='word_1_191' title='bbox 424 2407 572 2460; x_wconf 83' lang='lat' dir='ltr'><strong>«Eos</strong></span> <span class='ocrx_word' id='word_1_192' title='bbox 611 2411 794 2461; x_wconf 88' lang='lat' dir='ltr'><strong>autem</strong></span> <span class='ocrx_word' id='word_1_193' title='bbox 847 2424 986 2479; x_wconf 92' lang='lat' dir='ltr'><strong>quos</strong></span> <span class='ocrx_word' id='word_1_194' title='bbox 1033 2403 1503 2471; x_wconf 86' lang='lat' dir='ltr'><strong>circumciderint,</strong></span> <span class='ocrx_word' id='word_1_195' title='bbox 1544 2403 1589 2458; x_wconf 88' lang='lat' dir='ltr'><strong>si</strong></span> <span class='ocrx_word' id='word_1_196' title='bbox 1632 2402 1732 2456; x_wconf 87' lang='lat' dir='ltr'><strong>filii</strong></span> <span class='ocrx_word' id='word_1_197' title='bbox 1772 2421 1966 2458; x_wconf 89' lang='lat' dir='ltr'><strong>eorum</strong></span> 
     </span>
     <span class='ocr_line' id='line_1_24' title="bbox 91 2500 1968 2576; baseline 0 -20"><span class='ocrx_word' id='word_1_198' title='bbox 91 2510 237 2571; x_wconf 88' lang='lat' dir='ltr'><strong>sunt,</strong></span> <span class='ocrx_word' id='word_1_199' title='bbox 275 2522 304 2557; x_wconf 94' lang='lat' dir='ltr'><strong>a</strong></span> <span class='ocrx_word' id='word_1_200' title='bbox 338 2510 626 2575; x_wconf 87' lang='lat' dir='ltr'><strong>parentum</strong></span> <span class='ocrx_word' id='word_1_201' title='bbox 652 2505 923 2558; x_wconf 84' lang='lat' dir='ltr'><strong>consortio</strong></span> <span class='ocrx_word' id='word_1_202' title='bbox 968 2508 1313 2576; x_wconf 71' lang='lat' dir='ltr'><strong>separentur,</strong></span> <span class='ocrx_word' id='word_1_203' title='bbox 1352 2502 1395 2557; x_wconf 82' lang='lat' dir='ltr'><strong>si</strong></span> <span class='ocrx_word' id='word_1_204' title='bbox 1435 2501 1598 2571; x_wconf 83' lang='lat' dir='ltr'><strong>servi,</strong></span> <span class='ocrx_word' id='word_1_205' title='bbox 1631 2520 1730 2574; x_wconf 87' lang='lat' dir='ltr'><strong>pro</strong></span> <span class='ocrx_word' id='word_1_206' title='bbox 1764 2500 1968 2574; x_wconf 88' lang='lat' dir='ltr'><strong>injuria</strong></span> 
     </span>
     <span class='ocr_line' id='line_1_25' title="bbox 92 2599 1127 2673; baseline -0.002 -19"><span class='ocrx_word' id='word_1_207' title='bbox 92 2599 330 2673; x_wconf 86' lang='lat' dir='ltr'><strong>corporis</strong></span> <span class='ocrx_word' id='word_1_208' title='bbox 357 2600 463 2669; x_wconf 89' lang='lat' dir='ltr'><strong>sui,</strong></span> <span class='ocrx_word' id='word_1_209' title='bbox 493 2600 731 2656; x_wconf 89' lang='lat' dir='ltr'><strong>libertati</strong></span> <span class='ocrx_word' id='word_1_210' title='bbox 758 2602 1074 2656; x_wconf 88' lang='lat' dir='ltr'><strong>reddantur.</strong></span> <span class='ocrx_word' id='word_1_211' title='bbox 1101 2623 1127 2652; x_wconf 78' lang='lat'><strong>›&gt;</strong></span> 
     </span>
    </p>

    <p class='ocr_par' dir='ltr' id='par_1_4' title="bbox 95 2696 1980 3355">
     <span class='ocr_line' id='line_1_26' title="bbox 166 2696 1971 2772; baseline -0.002 -18"><span class='ocrx_word' id='word_1_212' title='bbox 166 2696 321 2754; x_wconf 83' lang='lat' dir='ltr'><strong>Nota.</strong></span> <span class='ocrx_word' id='word_1_213' title='bbox 347 2730 415 2738; x_wconf 95' lang='lat'><strong>—</strong></span> <span class='ocrx_word' id='word_1_214' title='bbox 437 2697 654 2764; x_wconf 78' lang='lat' dir='ltr'><strong>Caetera,</strong></span> <span class='ocrx_word' id='word_1_215' title='bbox 692 2698 894 2772; x_wconf 90' lang='lat' dir='ltr'><strong>quibus</strong></span> <span class='ocrx_word' id='word_1_216' title='bbox 934 2718 1098 2754; x_wconf 90' lang='lat' dir='ltr'><strong>suum</strong></span> <span class='ocrx_word' id='word_1_217' title='bbox 1126 2716 1153 2753; x_wconf 90' lang='lat' dir='ltr'><strong>e</strong></span> <span class='ocrx_word' id='word_1_218' title='bbox 1192 2698 1439 2771; x_wconf 77' lang='lat' dir='ltr'><strong>negativa</strong></span> <span class='ocrx_word' id='word_1_219' title='bbox 1475 2696 1771 2752; x_wconf 86' lang='lat' dir='ltr'><strong>traditione</strong></span> <span class='ocrx_word' id='word_1_220' title='bbox 1805 2715 1971 2769; x_wconf 80' lang='lat' dir='ltr'><strong>argu-</strong></span> 
     </span>
     <span class='ocr_line' id='line_1_27' title="bbox 96 2796 1980 2871; baseline 0.002 -24"><span class='ocrx_word' id='word_1_221' title='bbox 96 2800 342 2848; x_wconf 88' lang='lat' dir='ltr'><strong>mentum</strong></span> <span class='ocrx_word' id='word_1_222' title='bbox 368 2796 521 2850; x_wconf 85' lang='lat' dir='ltr'><strong>fulcit</strong></span> <span class='ocrx_word' id='word_1_223' title='bbox 554 2797 889 2863; x_wconf 83' lang='lat' dir='ltr'><strong>BossuetiuS,</strong></span> <span class='ocrx_word' id='word_1_224' title='bbox 913 2798 1189 2853; x_wconf 86' lang='lat' dir='ltr'><strong>confutata</strong></span> <span class='ocrx_word' id='word_1_225' title='bbox 1215 2797 1334 2852; x_wconf 80' lang='lat' dir='ltr'><strong>vide</strong></span> <span class='ocrx_word' id='word_1_226' title='bbox 1361 2798 1506 2871; x_wconf 90' lang='lat' dir='ltr'><strong>apud</strong></span> <span class='ocrx_word' id='word_1_227' title='bbox 1523 2796 1750 2851; x_wconf 86' lang='lat' dir='ltr'><strong>Bianchi</strong></span> <span class='ocrx_word' id='word_1_228' title='bbox 1780 2796 1980 2869; x_wconf 69' lang='lat' dir='ltr'><strong>(Traite&#39;</strong></span> 
     </span>
     <span class='ocr_line' id='line_1_28' title="bbox 96 2891 1970 2964; baseline 0.001 -19"><span class='ocrx_word' id='word_1_229' title='bbox 96 2891 158 2945; x_wconf 77' lang='lat' dir='ltr'><strong>cle</strong></span> <span class='ocrx_word' id='word_1_230' title='bbox 193 2891 242 2945; x_wconf 84' lang='lat' dir='ltr'><strong>Ia</strong></span> <span class='ocrx_word' id='word_1_231' title='bbox 271 2894 542 2962; x_wconf 69' lang='lat' dir='ltr'><strong>pitissance</strong></span> <span class='ocrx_word' id='word_1_232' title='bbox 571 2894 779 2964; x_wconf 49' lang='lat' dir='ltr'><strong>eccles,</strong></span> <span class='ocrx_word' id='word_1_233' title='bbox 827 2895 1138 2950; x_wconf 86' lang='lat' dir='ltr'><strong>traduction</strong></span> <span class='ocrx_word' id='word_1_234' title='bbox 1178 2895 1395 2962; x_wconf 81' lang='lat' dir='ltr'><strong>Pellier,</strong></span> <span class='ocrx_word' id='word_1_235' title='bbox 1438 2901 1584 2950; x_wconf 84' lang='lat' dir='ltr'><strong>tome</strong></span> <span class='ocrx_word' id='word_1_236' title='bbox 1625 2895 1666 2959; x_wconf 90' lang='grc' dir='ltr'><strong>Ι,</strong></span> <span class='ocrx_word' id='word_1_237' title='bbox 1707 2894 1843 2950; x_wconf 89' lang='lat' dir='ltr'><strong>livre</strong></span> <span class='ocrx_word' id='word_1_238' title='bbox 1887 2895 1970 2959; x_wconf 89' lang='lat' dir='ltr'><strong>lll,</strong></span> 
     </span>
     <span class='ocr_line' id='line_1_29' title="bbox 95 2987 1974 3065; baseline 0.003 -25"><span class='ocrx_word' id='word_1_239' title='bbox 95 2987 200 3056; x_wconf 58' lang='lat'><strong>29,</strong></span> <span class='ocrx_word' id='word_1_240' title='bbox 234 2987 302 3041; x_wconf 83' lang='lat'><strong>10</strong></span> <span class='ocrx_word' id='word_1_241' title='bbox 330 2994 381 3043; x_wconf 87' lang='lat' dir='ltr'><strong>et</strong></span> <span class='ocrx_word' id='word_1_242' title='bbox 406 2988 491 3056; x_wconf 84' lang='lat'><strong>11,</strong></span> <span class='ocrx_word' id='word_1_243' title='bbox 531 3008 650 3062; x_wconf 81' lang='lat' dir='ltr'><strong>pag.</strong></span> <span class='ocrx_word' id='word_1_244' title='bbox 684 2991 790 3045; x_wconf 66' lang='lat'><strong>644</strong></span> <span class='ocrx_word' id='word_1_245' title='bbox 821 2995 874 3045; x_wconf 93' lang='lat' dir='ltr'><strong>et</strong></span> <span class='ocrx_word' id='word_1_246' title='bbox 900 2992 1066 3057; x_wconf 89' lang='lat' dir='ltr'><strong>suiv.,</strong></span> <span class='ocrx_word' id='word_1_247' title='bbox 1097 2992 1268 3061; x_wconf 80' lang='lat' dir='ltr'><strong>PariS,</strong></span> <span class='ocrx_word' id='word_1_248' title='bbox 1304 2991 1494 3064; x_wconf 79' lang='lat'><strong>1857).</strong></span> <span class='ocrx_word' id='word_1_249' title='bbox 1521 2992 1597 3046; x_wconf 87' lang='lat' dir='ltr'><strong>Ad</strong></span> <span class='ocrx_word' id='word_1_250' title='bbox 1617 2993 1782 3047; x_wconf 91' lang='lat' dir='ltr'><strong>hocce</strong></span> <span class='ocrx_word' id='word_1_251' title='bbox 1810 3010 1974 3065; x_wconf 80' lang='lat' dir='ltr'><strong>nega-</strong></span> 
     </span>
     <span class='ocr_line' id='line_1_30' title="bbox 98 3079 1973 3160; baseline 0.004 -26"><span class='ocrx_word' id='word_1_252' title='bbox 98 3079 217 3136; x_wconf 80' lang='lat' dir='ltr'><strong>tivae</strong></span> <span class='ocrx_word' id='word_1_253' title='bbox 239 3082 546 3140; x_wconf 88' lang='lat' dir='ltr'><strong>traditionis</strong></span> <span class='ocrx_word' id='word_1_254' title='bbox 578 3094 969 3158; x_wconf 83' lang='lat' dir='ltr'><strong>argumentum</strong></span> <span class='ocrx_word' id='word_1_255' title='bbox 996 3087 1330 3160; x_wconf 85' lang='lat' dir='ltr'><strong>jamdudum</strong></span> <span class='ocrx_word' id='word_1_256' title='bbox 1354 3089 1716 3160; x_wconf 86' lang='lat' dir='ltr'><strong>responderat</strong></span> <span class='ocrx_word' id='word_1_257' title='bbox 1745 3089 1798 3144; x_wconf 83' lang='lat' dir='ltr'><strong>S.</strong></span> <span class='ocrx_word' id='word_1_258' title='bbox 1835 3089 1873 3142; x_wconf 91' lang='lat' dir='ltr'>T</span> <span class='ocrx_word' id='word_1_259' title='bbox 1880 3090 1973 3143; x_wconf 83' lang='lat' dir='ltr'><strong>ho·</strong></span> 
     </span>
     <span class='ocr_line' id='line_1_31' title="bbox 106 3181 1971 3259; baseline 0.005 -31"><span class='ocrx_word' id='word_1_260' title='bbox 106 3191 249 3231; x_wconf 83' lang='lat' dir='ltr'><strong>mas:</strong></span> <span class='ocrx_word' id='word_1_261' title='bbox 292 3181 415 3236; x_wconf 83' lang='lat' dir='ltr'><strong>«Ad</strong></span> <span class='ocrx_word' id='word_1_262' title='bbox 442 3183 683 3255; x_wconf 90' lang='lat' dir='ltr'><strong>primum</strong></span> <span class='ocrx_word' id='word_1_263' title='bbox 721 3184 1040 3255; x_wconf 87' lang='lat' dir='ltr'><strong>dicendum,</strong></span> <span class='ocrx_word' id='word_1_264' title='bbox 1069 3185 1216 3258; x_wconf 92' lang='lat' dir='ltr'><strong>quod</strong></span> <span class='ocrx_word' id='word_1_265' title='bbox 1248 3185 1343 3241; x_wconf 92' lang='lat' dir='ltr'><strong>illo</strong></span> <span class='ocrx_word' id='word_1_266' title='bbox 1371 3193 1614 3259; x_wconf 91' lang='lat' dir='ltr'><strong>tempore</strong></span> <span class='ocrx_word' id='word_1_267' title='bbox 1649 3186 1887 3242; x_wconf 86' lang='lat' dir='ltr'><strong>Ecclesia</strong></span> <span class='ocrx_word' id='word_1_268' title='bbox 1916 3186 1971 3238; x_wconf 90' lang='lat' dir='ltr'><strong>in</strong></span> 
     </span>
     <span class='ocr_line' id='line_1_32' title="bbox 109 3274 1973 3355; baseline 0.006 -34"><span class='ocrx_word' id='word_1_269' title='bbox 109 3284 205 3323; x_wconf 90' lang='lat' dir='ltr'><strong>sua</strong></span> <span class='ocrx_word' id='word_1_270' title='bbox 231 3274 458 3331; x_wconf 85' lang='lat' dir='ltr'><strong>novitate</strong></span> <span class='ocrx_word' id='word_1_271' title='bbox 486 3295 595 3333; x_wconf 92' lang='lat' dir='ltr'><strong>non</strong></span> <span class='ocrx_word' id='word_1_272' title='bbox 622 3280 853 3335; x_wconf 87' lang='lat' dir='ltr'><strong>habebat</strong></span> <span class='ocrx_word' id='word_1_273' title='bbox 887 3286 1210 3354; x_wconf 84' lang='lat' dir='ltr'><strong>potestatem</strong></span> <span class='ocrx_word' id='word_1_274' title='bbox 1235 3288 1486 3338; x_wconf 91' lang='lat' dir='ltr'><strong>terrenos</strong></span> <span class='ocrx_word' id='word_1_275' title='bbox 1514 3281 1795 3355; x_wconf 90' lang='lat' dir='ltr'><strong>principes</strong></span> <span class='ocrx_word' id='word_1_276' title='bbox 1826 3298 1973 3336; x_wconf 89' lang='lat' dir='ltr'><strong>com-</strong></span> 
     </span>
    </p>
   </div>
   <div class='ocr_carea' id='block_1_4' title="bbox 110 3368 1972 3641">
    <p class='ocr_par' dir='ltr' id='par_1_5' title="bbox 110 3368 1972 3641">
     <span class='ocr_line' id='line_1_33' title="bbox 110 3368 1971 3454; baseline 0.005 -36"><span class='ocrx_word' id='word_1_277' title='bbox 110 3368 381 3440; x_wconf 90' lang='lat' dir='ltr'><strong>pescendi,</strong></span> <span class='ocrx_word' id='word_1_278' title='bbox 406 3378 458 3426; x_wconf 94' lang='lat' dir='ltr'><strong>et</strong></span> <span class='ocrx_word' id='word_1_279' title='bbox 483 3373 600 3430; x_wconf 91' lang='lat' dir='ltr'><strong>ideo</strong></span> <span class='ocrx_word' id='word_1_280' title='bbox 631 3378 880 3434; x_wconf 84' lang='lat' dir='ltr'><strong>toleravit</strong></span> <span class='ocrx_word' id='word_1_281' title='bbox 906 3379 1095 3436; x_wconf 89' lang='lat' dir='ltr'><strong>fideles</strong></span> <span class='ocrx_word' id='word_1_282' title='bbox 1118 3379 1336 3435; x_wconf 85' lang='lat' dir='ltr'><strong>Juliano</strong></span> <span class='ocrx_word' id='word_1_283' title='bbox 1362 3382 1630 3454; x_wconf 83' lang='lat' dir='ltr'><strong>Apostatae</strong></span> <span class='ocrx_word' id='word_1_284' title='bbox 1665 3378 1885 3434; x_wconf 88' lang='lat' dir='ltr'><strong>obedire</strong></span> <span class='ocrx_word' id='word_1_285' title='bbox 1918 3376 1971 3429; x_wconf 87' lang='lat' dir='ltr'><strong>in</strong></span> 
     </span>
     <span class='ocr_line' id='line_1_34' title="bbox 110 3460 1972 3547; baseline 0.004 -34"><span class='ocrx_word' id='word_1_286' title='bbox 110 3460 193 3514; x_wconf 88' lang='lat' dir='ltr'><strong>his</strong></span> <span class='ocrx_word' id='word_1_287' title='bbox 224 3479 343 3533; x_wconf 87' lang='lat' dir='ltr'><strong>quae</strong></span> <span class='ocrx_word' id='word_1_288' title='bbox 375 3481 483 3519; x_wconf 90' lang='lat' dir='ltr'><strong>non</strong></span> <span class='ocrx_word' id='word_1_289' title='bbox 518 3477 670 3525; x_wconf 90' lang='lat' dir='ltr'><strong>erant</strong></span> <span class='ocrx_word' id='word_1_290' title='bbox 703 3480 892 3529; x_wconf 85' lang='lat' dir='ltr'><strong>contra</strong></span> <span class='ocrx_word' id='word_1_291' title='bbox 932 3474 1115 3541; x_wconf 88' lang='lat' dir='ltr'><strong>fidem,</strong></span> <span class='ocrx_word' id='word_1_292' title='bbox 1161 3483 1222 3530; x_wconf 91' lang='lat' dir='ltr'><strong>ut</strong></span> <span class='ocrx_word' id='word_1_293' title='bbox 1267 3475 1447 3547; x_wconf 87' lang='lat' dir='ltr'><strong>majus</strong></span> <span class='ocrx_word' id='word_1_294' title='bbox 1490 3473 1615 3528; x_wconf 85' lang='lat' dir='ltr'><strong>fidei</strong></span> <span class='ocrx_word' id='word_1_295' title='bbox 1659 3470 1972 3544; x_wconf 89' lang='lat' dir='ltr'><strong>periculum</strong></span> 
     </span>
     <span class='ocr_line' id='line_1_35' title="bbox 111 3556 1105 3641; baseline 0.014 -30"><span class='ocrx_word' id='word_1_296' title='bbox 111 3556 391 3616; x_wconf 86' lang='lat' dir='ltr'><strong>vitaretur.</strong></span> <span class='ocrx_word' id='word_1_297' title='bbox 415 3582 441 3612; x_wconf 85' lang='grc'>»</span> <span class='ocrx_word' id='word_1_298' title='bbox 474 3561 552 3632; x_wconf 69' lang='grc' dir='ltr'><strong>(ΙΙει</strong></span> <span class='ocrx_word' id='word_1_299' title='bbox 574 3563 668 3639; x_wconf 71' lang='grc'><strong>11“,</strong></span> <span class='ocrx_word' id='word_1_300' title='bbox 693 3586 747 3641; x_wconf 88' lang='lat' dir='ltr'><strong>q.</strong></span> <span class='ocrx_word' id='word_1_301' title='bbox 783 3588 867 3635; x_wconf 85' lang='lat' dir='ltr'><strong>xn,</strong></span> <span class='ocrx_word' id='word_1_302' title='bbox 895 3575 998 3624; x_wconf 87' lang='lat' dir='ltr'><strong>art.</strong></span> <span class='ocrx_word' id='word_1_303' title='bbox 1025 3571 1105 3641; x_wconf 79' lang='lat'><strong>2.)</strong></span> 
     </span>
    </p>
   </div>
  </div>
 </body>
</html>
