2340 3990
659 306 813 354 INDEX
841 305 1004 353 sum
1033 301 1369 350 mmmmm!
1400 301 1653 350 onumen.
2017 301 2105 351 84¹1

371 413 502 467 Prop.
533 414 592 456 V·.
623 437 675 447 -
701 410 963 455 probabilius
996 421 1082 451 non
1114 413 1284 452 tenetur
1316 422 1511 453 summus
1541 409 1729 453 Pontifex
1754 420 1909 452 vocare
1926 401 1979 450 ad

420 481 648 523 concilium
663 486 706 523 et
720 480 947 522 admittere
969 490 1066 519 cum
1090 478 1306 529 suffragio
1329 477 1515 519 decisivo
1537 477 1758 531 Episcopos
1774 477 1850 531 qui
1872 477 1980 518 titu-

426 549 540 590 lares
566 560 641 590 seu
665 547 868 589 anulares
896 558 971 588 seu
994 546 1038 586 in
1054 545 1255 600 partibus
1276 550 1582 598 nuncupantur
1591 576 1972 591 ........
2033 543 2112 586 382

371 625 498 677 Prop.
526 625 606 666 VI·.
635 645 685 655 —
711 622 965 672 cardinales,
992 620 1158 662 etiamsi
1180 626 1354 662 careant
1381 620 1604 674 episcopali
1630 622 1885 669 charactere,
1915 631 1983 662 vo-

424 691 543 732 candi
562 696 662 732 sunt
680 693 722 732 et
743 690 995 740 suffragium
1023 687 1252 731 decisivum
1275 688 1446 729 habent.
1475 687 1535 728 An
1558 693 1701 729 autem
1719 699 1766 728 ex
1790 688 1891 740 jure
1913 686 1981 728 di-

422 757 534 807 vino,
561 759 627 799 vel
646 759 783 799 solum
803 756 1034 805 Pontificio,
1052 755 1383 797 controvertitur
1392 784 1971 800 ............
2029 753 2108 795 385

370 833 496 887 Prop.
526 832 624 875 V11·.
654 855 708 863 —
732 833 906 874 Abbates
926 830 1120 883 exempti,
1139 830 1300 871 etiamsi
1317 829 1655 882 jurisdictionem
1675 830 1792 882 quasi
1808 829 1974 882 episco-

420 901 557 952 palem
587 913 670 942 non
693 901 872 942 habeant
898 900 980 940 nisi
1003 899 1046 940 in
1069 899 1293 940 monachos
1315 910 1428 948 suos,
1453 899 1505 939 ad
1531 898 1753 939 concilium
1774 903 1872 939 sunt
1895 908 1971 938 vo-

418 964 554 1013 candi,
583 971 626 1007 et
644 966 897 1018 suffragium
922 964 1147 1006 decisivum
1164 965 1334 1015 habent,
1358 977 1407 1006 ex
1432 964 1651 1017 privilegio
1679 970 1721 1007 et
1739 969 1970 1006 consuetu-

419 1030 519 1071 dine
529 1060 1963 1078 ............................
2023 1031 2101 1072 386

369 1105 492 1158 Prop.
523 1107 645 1148 V111·.
667 1131 720 1138 —
739 1108 957 1150 Generales
981 1087 1181 1148 ordinum
1209 1107 1504 1159 religiosorum
1530 1108 1781 1160 superiores,
1807 1120 1857 1148 ex
1884 1108 1968 1160 pri-

416 1169 567 1222 vilegio
594 1177 636 1212 et
657 1173 964 1214 consuetudine
982 1177 1082 1212 sunt
1104 1165 1277 1213 vocandi
1300 1177 1342 1212 et
1362 1185 1458 1213 cum
1485 1174 1687 1226 suffragio
1707 1174 1887 1216 decisivo
1903 1175 1971 1215 ad-

415 1236 615 1277 mittendi
625 1265 1960 1286 ..........................
2022 1240 2098 1281 597

363 1308 492 1360 Prop.
515 1310 604 1349 IX·.
634 1332 687 1340 —
710 1310 1006 1351 Procuratores
1034 1310 1334 1362 Episcoporum
1365 1310 1408 1350 in
1431 1312 1605 1353 concilio
1622 1312 1865 1354 Tridentino
1887 1326 1969 1354 non

415 1373 655 1415 habuerunt
678 1376 928 1427 suffragium
951 1376 1198 1423 decisivum,
1225 1377 1295 1417 sed
1316 1377 1530 1418 dumtaxat
1555 1379 1859 1420 consultivum.
1903 1413 1912 1421 .
1955 1412 1964 1420 .
2025 1380 2102 1420 597

309 1446 334 1497 g
355 1446 394 1484 6.
420 1468 474 1476 -
491 1445 549 1486 Ad
567 1447 796 1487 Romanum
813 1447 1058 1488 Pontificem
1075 1447 1263 1499 pertinet
1277 1448 1347 1500 jus
1371 1448 1620 1500 praesidendi
1649 1450 1834 1491 conciliis
1856 1463 1966 1492 oecu-
2016 1454 2018 1456 ’

362 1513 534 1553 menicis
543 1544 1959 1560 ............................
2023 1519 2101 1559 598

307 1588 331 1640 ἓ
355 1588 392 1628 7.
423 1611 471 1618 —
499 1588 557 1628 Ad
585 1589 819 1630 Romanum
848 1589 1086 1630 Pontificem
1110 1590 1292 1641 pertinet
1317 1591 1389 1642 jus
1413 1590 1640 1631 concilium
1665 1593 1969 1634 oecumenicum

359 1655 610 1696 dissolvendi
632 1662 671 1697 et
699 1657 778 1698 alio
804 1657 1087 1698 transferendi
1099 1688 1958 1705 .................
2022 1661 2101 1703 406

307 1731 331 1782 g
354 1731 393 1771 8.
416 1754 469 1761 —
490 1733 596 1779 Quot
621 1731 893 1783 requirantur
914 1731 1100 1784 Episcopi
1121 1732 1172 1772 ad
1193 1732 1571 1772 oecumenicitatem
1583 1761 1960 1777 ........
2020 1734 2101 1778 406

357 1808 485 1859 Prop.
520 1807 569 1846 1².
594 1829 645 1837 —
666 1807 724 1846 Ad
749 1807 969 1847 concilium
997 1809 1298 1859 generaleper
1325 1819 1369 1847 se
1395 1807 1681 1847 necessarium
1711 1813 1771 1848 est
1789 1813 1838 1849 ut
1862 1821 1965 1850 con-

408 1873 569 1915 vocatio
591 1874 676 1926 ipsa
703 1875 913 1926 generalis
936 1874 1008 1923 sit‚·
1029 1874 1073 1914 id
1095 1880 1174 1923 est,
1199 1881 1246 1914 ut
1275 1886 1419 1916 omnes
1451 1875 1640 1927 Episcopi
1669 1876 1860 1933 Ecclesiae
1889 1878 1961 1930 qui

407 1948 594 1994 pastores
613 1947 711 1983 sunt
734 1947 777 1983 et
802 1941 1142 1994 jurisdictionem
1171 1943 1340 1990 habent,
1373 1943 1508 1994 quoad
1534 1944 1626 1983 fieri
1656 1944 1784 1996 possit
1808 1955 1959 1986 convo-

409 2017 562 2050 centur
569 2037 1954 2056 ...........................
2016 2013 2091 2054 407

355 2085 486 2136 Prop.
510 2086 585 2125 11².
603 2107 655 2114 —
678 2085 731 2125 Ut
758 2082 982 2124 concilium
1011 2085 1206 2134 generale
1232 2083 1300 2131 sit,
1328 2093 1494 2124 necesse
1525 2096 1611 2125 non
1648 2091 1710 2126 est
1740 2087 1961 2128 convenire

405 2163 548 2192 omnes
596 2152 724 2192 totius
771 2150 963 2191 Ecclesiae
1006 2149 1243 2202 Episcopos,
1288 2151 1372 2190 imo
1427 2163 1504 2192 nec
1557 2152 1762 2204 majorem
1814 2167 1960 2195 eorum

403 2224 565 2271 partem
576 2246 1948 2264 ...........................
2009 2221 2089 2264 408

352 2293 676 2345 Prop.111·.—
700 2291 751 2331 Ut
773 2290 998 2332 concilium
1019 2290 1217 2341 generale
1240 2290 1310 2340 sit,
1336 2302 1504 2332 necesse
1528 2297 1589 2332 est
1607 2292 1864 2334 intervenire
1884 2306 1959 2346 per
2010 2291 2018 2301 ‘

402 2370 446 2399 se
471 2360 538 2399 vel
563 2359 735 2411 Legatos
763 2370 860 2399 suos
877 2359 1108 2398 Romanum
1131 2358 1377 2399 Pontificem
1388 2388 1955 2404 ............
2014 2361 2094 2403 408

348 2434 473 2486 Pr‚0p
506 2434 672 2474 1V=.-
695 2433 792 2474 Dari
825 2438 961 2485 potest
1000 2445 1100 2474 vera
1139 2434 1460 2486 repraesentatio
1492 2436 1621 2475 totius
1660 2436 1830 2476 Ecclesi
1821 2449 1869 2483 e,
1916 2449 1962 2477 ac

399 2501 574 2552 proinde
602 2501 830 2541 concilium
858 2501 1165 2541 oecumenicum
1201 2512 1292 2541 esse
1324 2506 1474 2552 potest,
1506 2502 1603 2543 licet
1634 2503 1771 2543 adsint
1797 2504 1963 2554 paucis-

397 2568 492 2608 simi
515 2581 563 2608 ex
578 2569 793 2609 occidente
810 2568 1001 2620 Episcopi
1026 2581 1122 2610 cum
1144 2569 1294 2610 multis
1314 2569 1608 2619 orientalibus,
1629 2577 1670 2611 et
1695 2571 1953 2611 vice-versa.
2014 2571 2090 2612 408

346 2644 472 2695 Prop.
495 2644 554 2685 V·.
570 2666 623 2673 —
639 2643 892 2684 Sufficientis
917 2645 968 2683 ad
995 2643 1375 2685 oecumenicitatem
1395 2645 1787 2695 repraesentationis
1816 2647 1957 2686 Eccle-

395 2710 471 2751 siae
494 2716 656 2751 certum
673 2716 969 2762 argumentum
995 2716 1074 2762 est,
1103 2712 1280 2762 ipsamet
1293 2711 1642 2752 oecumenicitatis
1663 2713 1903 2758 declaratio,
1932 2726 1953 2751 a

394 2778 572 2818 concilio
597 2790 693 2818 cum
728 2778 848 2829 Papae
878 2789 1063 2826 assensu,
1093 2779 1156 2819 vel
1194 2778 1321 2819 etiarn
1358 2791 1379 2818 a
1413 2779 1501 2818 solo
1535 2779 1716 2818 Romano
1749 2779 1950 2819 Pontifice

394 2845 501 2885 iacta
511 2873 1942 2891 ............................
2004 2847 2082 2889 409

343 2921 478 2973 Prop.
514 2921 592 2960 Vh.
614 2942 668 2949 —
684 2919 797 2960 Licet
821 2919 1078 2971 impossibile
1102 2919 1156 2959 sit
1187 2919 1363 2970 privatis
1388 2920 1628 2960 doctoribus
1648 2920 1946 2972 Episcoporum

395 2999 622 3027 numerum
638 2986 935 3035 determinare,
957 2987 1070 3027 infra
1089 2999 1215 3039 quem
1233 2986 1400 3027 deficiat
1417 2988 1741 3035 oecumenieitas,
1772 2989 1811 3028 in
1832 2989 1947 3040 praxi

392 3059 530 3093 tamen
562 3059 632 3093 aut
663 3054 831 3093 nullum
867 3053 1092 3094 intervenit
1124 3053 1300 3095 dubium
1333 3054 1384 3093 de
1411 3054 1748 3106 uniuscujusque
1773 3055 1939 3096 concilii

393 3120 741 3168 oecumenicitate‚
767 3125 838 3160 aut
854 3120 890 3160 si
911 3120 1138 3172 contingat,
1167 3121 1293 3162 ia2ile
1314 3121 1487 3161 omnino
1518 3122 1718 3165 diluitur.
1764 3154 1771 3162 .
1816 3155 1826 3164 .
1872 3155 1879 3163 .
1927 3155 1938 3164 ,
1994 3122 2071 3163 409

287 3194 368 3247 59.
388 3216 441 3225 -
463 3195 651 3247 Episcopi
683 3195 727 3235 in
759 3195 934 3236 concilio
963 3206 1043 3235 non
1069 3200 1167 3235 sunt
1194 3195 1300 3236 meri
1324 3196 1553 3237 consiliarii
1581 3197 1715 3248 Papae,
1743 3198 1815 3237 sed
1841 3197 1929 3237 veri

333 3263 496 3314 ,iudices
505 3292 1560 3307 .....................
1599 3319 1601 3322 Α
1605 3293 1927 3305 .......
1991 3263 2069 3304 410

232 3336 318 3378 cn».
343 3337 399 3378 11.
422 3359 476 3367 —
500 3338 555 3377 De
575 3337 823 3378 auctoritate
847 3338 1014 3378 concilii
1039 3338 1287 3378 oecumenici
1293 3367 1927 3383 .............
1987 3338 2066 3380 414

282 3413 308 3464 g
335 3411 374 3453 1.
399 3435 452 3444 —
475 3412 582 3459 Quid
597 3412 839 3464 requiratur
859 3425 908 3453 ex
929 3417 1045 3464 parte
1063 3412 1237 3453 Romani
1257 3413 1480 3460 pontificis,
1501 3418 1546 3452 ut
1566 3412 1735 3452 concilii
1760 3424 1933 3454 oecume·

333 3479 418 3520 nici
445 3479 654 3531 judicium
678 3468 788 3520 circa
821 3480 947 3520 fidem
966 3485 1007 3519 et
1034 3491 1174 3520 mores
1197 3479 1417 3521 infallibile
1441 3480 1496 3520 sit
1528 3484 1570 3519 et
1598 3480 1647 3519 ad
1675 3480 1929 3520 credendum

336 3547 625 3599 constringens
630 3576 1034 3592 .........
1068 3581 1072 3586 .
1073 3573 1926 3593 .................
1985 3546 2061 3588 414

337 3613 461 3666 Prop.
491 3613 542 3654 1⁸.
560 3635 613 3643 —
627 3613 823 3654 Definitio
837 3612 1004 3654 concilii
1024 3613 1269 3655 oecumenici
1286 3614 1399 3655 circa
1414 3613 1539 3654 fidem
1558 3615 1630 3653 aut
1646 3623 1797 3659 mores,
1819 3623 1931 3663 prac-
