2352 4126
262 281 319 325 14
933 272 1236 323 TRACTATUS
1265 272 1330 318 DE
1362 270 1511 319 ΡΑΡΑ.

258 385 408 442 trina
439 385 610 460 (quod
644 385 852 441 falsum
884 383 985 456 est)
1019 387 1073 438 et
1100 379 1319 437 etiamsi
1347 381 1486 438 huic
1515 381 1783 439 doctrinae
1818 386 2183 443 reluctaretur

260 487 429 541 omnis
467 487 758 558 antiquitas
788 480 957 557 (quod
981 484 1066 536 est
1088 478 1296 536 falsum
1328 480 1540 554 pariter
1571 481 1849 537 Bossuetii
1873 488 2178 554 assertum,

259 587 323 639 ut
354 601 418 640 ex
442 588 556 640 tota
582 586 739 658 parte
766 580 829 636 IV
845 577 1133 653 praesentis
1161 581 1431 636 tractatus
1468 579 1754 654 liquebit),
1781 584 1999 637 certum
2029 582 2183 637 nihi-

257 682 510 739 lominus
542 684 862 738 remaneret
903 683 1050 735 stare
1081 678 1475 735 auctoritatem
1507 678 1566 735 S.
1594 677 1860 736 Bernardi
1886 697 1989 754 pro
2032 681 2182 754 ejus-

257 780 411 837 modi
455 784 722 855 potestate
754 778 914 852 Papae
936 777 997 833 in
1028 777 1381 853 temporalia.
1412 811 1485 820 —-
1524 778 1582 834 4⁰
1609 778 1852 834 Tandem
1889 777 1959 834 ad
1991 777 2183 834 viden-

257 879 392 934 dum
426 876 706 951 quomodo
731 875 883 932 eludi
909 875 1127 951 possint
1153 881 1336 933 textus
1371 876 1554 933 sancti
1575 876 1843 933 Bernardi
1869 876 1937 932 de
1961 875 2183 933 duobus

255 974 479 1048 gladiis,
519 973 788 1031 lectorem
824 974 1059 1032 remittit
1093 975 1419 1032 Bossuetius
1447 974 1515 1031 ad
1545 976 1821 1049 AEgidium
1848 975 2181 1032 Columnam

257 1076 311 1127 et
335 1071 611 1127 Joannem
653 1072 720 1128 de
751 1072 1005 1139 Parisiis,
1047 1091 1189 1146 quos
1225 1082 1581 1129 antecessores
1610 1092 1732 1129 suos
1762 1073 2006 1147 ingenue
2036 1091 2185 1131 nun-
2270 1061 2278 1070 ’

257 1174 443 1244 eupat.
465 1204 534 1211 —
554 1169 734 1226 Primo
749 1192 765 1224 .·
790 1171 870 1226 Ad
882 1171 1153 1228 ,Ioannem
1179 1172 1246 1228 de
1269 1172 1494 1228 Parisiis
1520 1174 1669 1246 quod
1691 1173 1909 1241 attinet,
1929 1174 2185 1231 adeunda

258 1268 394 1325 dicit
425 1268 768 1339 Bossuetius,
808 1271 988 1345 capita
1022 1292 1072 1326 xi
1107 1276 1161 1327 et
1192 1291 1293 1327 xvn
1317 1278 1589 1328 tractatus
1625 1273 1698 1328 De
1720 1280 1987 1346 potestate
2019 1275 2186 1347 regali

258 1377 309 1424 et
325 1368 539 1441 Papalt.
567 1369 758 1436 Por-m,
786 1370 847 1425 in
874 1371 1053 1446 capite
1077 1391 1147 1441 Χι,
1178 1371 1391 1446 duplici
1419 1373 1583 1428 modo
1610 1373 1850 1429 Joannes
1874 1373 1942 1430 de
1959 1373 2187 1429 Parisiis

257 1469 560 1543 respondet
585 1471 654 1526 ad
687 1475 901 1527 textum
921 1471 1189 1529 Bernardi
1217 1473 1285 1529 de
1311 1473 1531 1529 duobus
1562 1472 1784 1547 gladiis.
1820 1472 1958 1529 Dicit
1984 1491 2188 1547 nempe

259 1567 411 1623 hunc
451 1572 663 1624 textum
709 1569 978 1625 Bernardi
1012 1589 1118 1626 non
1168 1589 1285 1640 esse
1318 1590 1525 1645 marsna?
1563 1574 1892 1628 auctoritatis
1905 1593 1924 1637 ,·
1971 1571 2032 1626 in
2073 1589 2184 1645 quo

257 1666 489 1739 quidem
533 1685 799 1742 responso
837 1687 1036 1742 magna
1069 1670 1441 1744 impudentia,
1472 1670 1568 1726 sed
1607 1670 1747 1726 nihil
1772 1670 1920 1743 quod
1950 1670 2185 1726 Bossue-

255 1765 402 1821 tium
426 1768 623 1840 juvare
659 1767 855 1842 possit.
878 1769 994 1824 Imo
1022 1770 1356 1826 contradicit
1386 1770 1672 1827 Bossuetio
1708 1770 1806 1844 qui
1838 1769 2184 1826 Bernardum

256 1872 546 1922 vocaverat
572 1870 740 1923 virum
777 1872 1143 1942 apostolicum,
1173 1889 1340 1942 neque
1374 1878 1576 1925 tantum
1595 1870 1850 1925 Ecclesiae
1883 1867 2178 1940 qallieanae‚

258 1983 438 2022 verum
463 1970 625 2023 etiam
649 1969 906 2024 universae
938 1968 1133 2024 lumen.
1177 1970 1414 2042 Insuper
1441 1969 1676 2025 Joannes
1703 1967 1769 2024 de
1793 1967 2020 2024 Parisiis
2044 1967 2177 2024 dicit

258 2066 488 2122 vocibus
511 2067 633 2122 istis
659 2067 713 2122 S.
745 2067 1016 2123 Bernardi
1034 2077 1165 2124 nutu
1188 2069 1480 2123 sacerdotis
1507 2069 1795 2141 adjussum
1820 2069 2178 2139 imperatoria,

259 2163 567 2237 significari
596 2164 847 2237 gladium
883 2164 1232 2220 materialem
1270 2165 1341 2219 ad
1378 2164 1579 2237 Papam
1606 2180 1721 2217 non
1743 2162 2047 2236 pertinere.
2077 2143 2181 2218 Sed

261 2264 584 2320 Bossuetius
607 2264 915 2320 absurdam
932 2265 1075 2320 lianc
1093 2262 1613 2336 interpretationem
1634 2263 1750 2333 jam
1775 2260 1953 2316 multo
1974 2259 2181 2316 melius

173 2355 176 2360 ’
261 2362 561 2417 obtrudere
594 2367 920 2417 tentaverat.
957 2362 1064 2416 Cur
1092 2379 1226 2433 ergo
1270 2359 1503 2414 remittit
1537 2359 1605 2414 ad
1642 2360 1909 2415 Joannem
1939 2360 2007 2415 de
2031 2358 2182 2413 Pari-

263 2461 386 2527 siis,
417 2461 574 2533 quasi
602 2462 670 2516 ad
697 2461 977 2533 quoddam
1003 2478 1158 2516 novae
1189 2478 1249 2516 ac
1271 2460 1502 2516 diversae
1527 2459 1927 2516 confutationis
1952 2476 2184 2533 promp-

261 2560 547 2616 tuarium?
583 2560 693 2616 Nec
719 2560 898 2632 magis
931 2560 1282 2616 Bossuetium
1302 2562 1479 2632 juvat,
1519 2566 1691 2633 caput
1733 2580 1840 2615 xix.
1868 2559 1949 2616 Ibi
1980 2575 2186 2633 nempe

264 2661 502 2716 Joannes
534 2659 603 2715 de
638 2659 861 2715 Parisiis
896 2660 1096 2733 triplex
1135 2678 1472 2734 responsum
1517 2661 1747 2734 opponit
1781 2659 1957 2716 textui
2002 2659 2177 2714 sancti

265 2757 531 2814 Bernardi
569 2756 636 2812 de
672 2757 893 2813 duobus
930 2758 1150 2831 gladiis.
1184 2758 1367 2813 Primo
1389 2776 1590 2833 nempe
1615 2759 1750 2816 dicit
1782 2763 1999 2814 textum
2025 2758 2185 2814 hunc

266 2855 410 2911 nihil
443 2856 702 2930 probare,
747 2874 809 2911 eo
836 2856 982 2929 quod
1006 2856 1280 2931 pertineat
1307 2857 1376 2912 ad
1414 2858 1750 2932 theologiam
1779 2857 2095 2932 mysticam,
2131 2860 2183 2912 et

269 2956 501 3030 mystica
526 2955 806 3028 theologia
833 2973 935 3011 non
961 2957 1484 3027 sitarqumentativa.
1515 2957 1672 3023 Quod
1698 2957 1928 3031 quidem
1953 2973 2188 3030 respon-

267 3072 418 3119 sum,
448 3053 666 3109 etiamsi
693 3071 808 3109 non
833 3053 979 3108 foret
1012 3052 1340 3122 ridiculum,
1385 3054 1528 3109 nihil
1553 3055 1908 3111 Bossuetium
1933 3053 2181 3126 juvaret.

267 3153 406 3208 Nam
451 3152 684 3226 quaestio
721 3171 852 3208 cum
892 3152 1182 3208 Bossuetio
1216 3157 1318 3217 est,
1368 3158 1562 3209 utrum
1604 3159 1828 3209 sanctus
1858 3151 2179 3208 Bernardus

270 3258 567 3326 utramque
594 3255 922 3326 potestatem
954 3251 1209 3308 Ecclesiae
1235 3258 1547 3327 competere
1573 3253 1812 3308 assuerit
1846 3258 1901 3309 et
1931 3251 2187 3309 credide-

270 3351 366 3408 rit.
402 3352 529 3407 Esto
569 3369 684 3407 non
718 3351 895 3406 valeat
942 3355 1341 3423 argumentum
1385 3350 1560 3407 saneti
1594 3350 1857 3406 Bernardi
1905 3372 1916 3404 :
1966 3355 2186 3407 certum

273 3456 527 3509 remanet
552 3452 763 3508 factum
790 3450 858 3506 de
882 3468 994 3524 quo
1021 3449 1227 3523 agitur3
1276 3450 1333 3505 id
1371 3456 1457 3507 est
1484 3452 1552 3507 ab
1598 3451 1715 3526 ipso
1742 3451 1996 3508 Ecclesiae
2030 3450 2184 3507 attri—

275 3554 470 3609 butam
513 3551 688 3608 fuisse
730 3554 1027 3622 utramque
1060 3553 1405 3623 potestatem.
1448 3549 1725 3617 Secundo,
1762 3550 1896 3606 dicit
1944 3551 2183 3607 ,Ioannes

279 3649 347 3706 de
361 3647 585 3706 Parisiis
610 3647 832 3705 duobus
854 3647 1136 3721 Evangelii
1155 3646 1352 3720 gladiis
1374 3665 1486 3703 non
1515 3646 1817 3720 significari
1841 3647 1980 3703 duas
2005 3650 2185 3721 potes-
