2340 3990
902 292 1037 346 PARS
1067 291 1293 342 ocum·
1341 307 1347 312 ·
1380 307 1387 323 ²
1810 304 1822 314 “
1949 291 2043 339 4οἏ

79 411 82 422 ⁴
134 405 162 465 's
298 420 462 480 posse
490 403 655 460 istam
689 399 1050 476 quaestionem
1075 401 1215 462 solvi
1249 398 1479 470 melius,
1508 416 1679 474 quam
1710 414 1781 456 ex
1809 414 2044 456 consue·
2091 463 2096 467 ⁴

125 499 353 580 ‘'f-ndine
389 501 662 572 Ecclesiae,
700 506 756 558 et
793 517 862 557 ex
899 499 969 557 iis
1010 500 1280 568 conciliis,
1320 517 1445 575 quoe
1470 498 1727 557 omnium
1765 514 2040 569 consensu

63 596 66 597 ⁷
96 601 431 680 „generalia
472 600 718 666 fuel-unu
756 598 942 673 qualia
981 599 1211 656 fuerunt
1245 605 1484 674 quatuor
1522 597 1724 672 prima.
1751 596 2039 659 ».Attenta

157 718 283 759 vero
309 698 661 774 potissimum
687 696 835 753 dicta
858 696 1114 754 Ecclesiae
1137 697 1315 772 praxi,
1340 695 1598 753 solvenda
1622 694 1856 769 quaestio
1875 698 1958 750 est
1982 697 2045 750 ut

106 795 121 807 ’
158 796 426 871 sequitur.
1018 855 1026 862 ,

228 890 590 949 horosii-101⁸.
613 922 686 931 —
706 911 736 943 α
757 890 835 946 Ad
856 890 1157 947 concilium
1183 889 1438 964 generale
1463 907 1565 964 per
1587 907 1645 946 se
1668 886 2043 946 necessarium

158 995 240 1047 est
265 995 323 1045 ut
349 986 665 1044 convocatio
690 986 807 1061 ipsa
834 987 1109 1060 generalis
1140 987 1232 1053 sit,
1263 987 1318 1043 id
1344 993 1451 1053 est,
1478 994 1541 1044 ut
1571 1003 1767 1043 omnes
1791 985 2043 1060 Episcopi

155 1085 431 1155 Ecclesiae,
463 1085 557 1159 qui
590 1090 836 1159 pastores
874 1090 1005 1140 sunt
1039 1092 1090 1141 et
1115 1084 1564 1158 jurisdictionem
1607 1083 1833 1149 hahent,
1863 1082 2042 1157 quoad

156 1184 278 1242 fieri
298 1183 487 1259 possit,
505 1187 876 1239 convocentur
888 1182 920 1233 η’
934 1183 1088 1253 (sunt
1105 1181 1271 1236 verba
1287 1179 1553 1247 Suaresii,
1571 1181 1636 1235 de
1650 1180 1770 1252 fide,
1790 1179 1933 1254 disp.
1951 1180 2039 1251 xt,

159 1288 292 1339 sect.
321 1302 374 1347 u,
404 1299 460 1336 n.
491 1280 571 1348 2),
596 1312 671 1320 —
708 1299 735 1330 α
756 1278 813 1333 ld
840 1277 987 1334 enim
1018 1283 1230 1334 constat
1268 1279 1489 1351 semper
1517 1275 1691 1332 fuisse
1732 1282 2035 1333 servatum.

160 1381 305 1436 Adeo
339 1386 396 1434 ut
427 1378 659 1451 septima
701 1376 964 1449 synoduS,
995 1376 1208 1431 actione
1242 1376 1296 1439 6,
1343 1374 1464 1431 ideo
1498 1364 1831 1447 judicaverit
1858 1375 2045 1432 conci··

163 1478 302 1533 lium
329 1475 991 1548 Constantinopolitanum
1017 1480 1210 1531 contra
1246 1472 1516 1545 imagines
1542 1490 1653 1528 non
1690 1473 1860 1530 fuisse
1884 1491 2043 1546 gene-

162 1572 295 1636 rale,
335 1572 463 1644 quia
495 1589 604 1626 non
642 1571 772 1627 exiit
806 1589 975 1627 sonus
1008 1571 1128 1643 ejus
1171 1570 1225 1625 in
1260 1580 1480 1626 omnem
1522 1575 1729 1626 terram
1751 1591 1779 1622 »
1820 1568 2043 1642 (Bellar-

162 1668 371 1737 minuS,
413 1670 476 1723 de.
518 1668 778 1737 Com-iliis,
814 1669 853 1723 l.
892 1668 932 1733 Ι,
974 1686 1023 1723 e.
1060 1670 1200 1728 xvnl.
1226 1669 1575 1724 —Praeterea
1614 1674 1828 1725 certum
1865 1675 1943 1725 est
1988 1675 2039 1723 et

158 1766 383 1822 omnino
418 1767 741 1831 tenendum,
782 1767 1078 1822 concilium
1114 1785 1222 1822 non
1251 1785 1375 1823 esse
1410 1767 1666 1839 generale
1703 1767 1812 1822 nisi
1842 1785 2040 1842 reprae-

160 1870 336 1920 sentet
366 1865 682 1921 universam
722 1865 1036 1921 Ecclesiam.
1080 1866 1294 1922 Etenim
1331 1867 1596 1922 Martinus
1619 1866 1680 1937 V,
1715 1867 1774 1922 in
1806 1867 2042 1943 concilio

157 1961 578 2029 Constantiensi‚
610 1962 754 2018 inter
783 1962 1026 2035 reliquas
1059 1963 1519 2037 interrogationes
1559 1964 1765 2037 quibus
1799 1965 2040 2039 suspecti

158 2056 213 2111 in
240 2055 344 2110 fide
383 2063 512 2112 sunt
549 2057 916 2126 examinandi,
944 2075 1060 2112 eam
1090 2058 1256 2113 etiam
1284 2059 1574 2133 proponit:
1610 2059 1790 2116 Utrum
1830 2061 2042 2116 credant

156 2154 293 2226 quod
320 2154 577 2225 quodlibet
604 2154 869 2209 concilium
900 2154 1139 2225 qenerale
1172 2155 1513 2210 universalem
1540 2154 1819 2210 Ecclesiam
1848 2173 2043 2227 repra?-

99 2238 106 2244 ’
154 2259 341 2307 seviter.
371 2250 672 2306 Concilium
699 2257 886 2307 autem
922 2269 1034 2306 non
1067 2251 1479 2325 repraesentabit
1513 2252 1829 2307 universam
1861 2252 2044 2309 Eccle-

157 2349 322 2419 siam,
352 2349 398 2404 si
426 2349 702 2404 convocati
733 2349 940 2405 fuerint
971 2349 1318 2405 solummodo
1340 2349 1595 2424 Episcopi
1618 2351 1934 2423 aliquarum
1962 2370 2045 2408 re·

154 2448 406 2522 gionum‚
444 2465 555 2502 non
591 2447 864 2512 omnium,
910 2448 965 2503 id
998 2454 1102 2517 est,
1135 2447 1181 2503 si
1216 2448 1534 2504 convocatio
1572 2449 1692 2522 ipsa
1729 2467 1841 2505 non
1878 2450 2044 2506 fuerit

41 2563 47 2573 ·
132 2535 446 2626 generalis,
481 2545 623 2618 Ergo
657 2545 722 2600 ad
749 2545 1269 2618 oecumenicitatem,
1306 2546 1580 2619 generalis
1617 2547 1690 2602 sit
1721 2549 2042 2604 convocatio

40 2640 46 2659 ‘
125 2630 130 2634 ⁶
154 2660 379 2699 necesse
402 2650 504 2700 est..

99 2727 104 2737 ¹
236 2739 430 2795 «Dices
450 2762 466 2792 .·
496 2740 632 2812 Ergo
658 2741 704 2796 si
732 2741 856 2796 talis
883 2741 1198 2797 convocatio
1235 2741 1418 2814 aliqua
1445 2742 1661 2798 ratione
1685 2742 2036 2815 impediatur,

112 2818 123 2827 ’
155 2853 266 2892 non
297 2836 492 2910 poterit
523 2837 641 2893 fieri
670 2837 924 2911 generale
952 2817 1278 2902 concili11n13
1310 2845 1473 2911 atque
1507 2839 1642 2894 adeo
1684 2839 1740 2893 in
1774 2846 2039 2913 potestate

154 2936 426 3008 cujusque
452 2935 671 3010 tyranni
700 2935 799 2991 sita
830 2935 938 2991 erit
961 2934 1182 2991 concilii
1211 2936 1487 3015 generalis
1515 2936 1830 2992 celebratio
1857 2959 1884 2989 »

231 3031 584 3104 «Respondet»
609 3053 624 3084 :
667 3031 791 3086 Ideo
828 3030 1108 3087 addidisse
1151 3048 1260 3098 me,
1301 3032 1471 3103 quoad
1509 3033 1624 3102 fieri
1662 3035 1849 3105 possit.
1893 3033 2035 3098 Quin

156 3129 317 3185 etiam
355 3148 580 3187 necesse
609 3148 718 3186 non
748 3130 852 3186 erit
897 3113 1347 3186 convocationem
1378 3131 1448 3187 ad
1490 3149 1651 3187 aures
1688 3132 2037 3205 singulorum

156 3225 461 3299 pervenirffi
489 3226 580 3282 sed
613 3244 673 3282 ex
713 3226 1018 3282 intentione
1054 3226 1297 3283 vocantis
1329 3228 1639 3300 generalem
1674 3245 1819 3297 esse,
1847 3245 1911 3282 ac
1941 3244 2038 3301 per

114 3319 133 3328 ⁶
156 3338 214 3378 sc
236 3322 303 3379 ad
328 3340 519 3378 omncs
543 3323 757 3380 referri.
781 3324 898 3381 Non
924 3325 1195 3400 oportebit
1219 3326 1385 3382 etiam
1412 3344 1604 3383 omnes
1632 3326 1689 3381 in
1716 3325 2032 3399 particulari

154 3420 354 3481 vocari;
390 3420 485 3476 sed
525 3420 658 3477 satis
685 3421 790 3477 erit
819 3422 1151 3479 Patriarcliis
1182 3424 1267 3479 vel
1297 3423 1652 3486 PrimatibuS,
1684 3429 1782 3478 aut
1815 3422 2032 3495 provin-

157 3516 254 3574 ciis
278 3519 559 3584 omnibuS,
584 3519 825 3576 edictum
850 3521 1068 3578 concilii
1088 3523 1361 3594 generalis
1381 3521 1749 3594 congregandi
1787 3522 2034 3595 promul-

158 3614 272 3688 gari
293 3637 320 3668 n
351 3616 592 3686 (suarez,
618 3618 681 3672 de
704 3618 825 3689 fide,
858 3618 1000 3691 disp.
1034 3618 1120 3685 Xl,
1155 3626 1290 3677 sect.
1323 3640 1377 3688 ιι,
1409 3637 1465 3674 n.
1497 3619 1577 3682 2).
