2340 3990
371 308 463 355 264
1041 307 1340 356 TRACTATUS
1371 307 1438 355 DE
1467 310 1613 359 PAPA.

371 434 498 491 quae
531 416 809 475 debentur
831 414 1272 490 imperatoribus
1298 415 1586 491 legitimis;
1616 418 1712 476 sed
1737 420 1797 476 in
1821 422 2111 500 hypothesi
2133 431 2281 503 quod

370 516 490 593 ipse
516 516 804 591 legitimus
833 519 1001 583 esset,
1031 521 1201 590 prout
1222 521 1342 574 erat
1371 535 1582 584 revera,
1614 523 1668 575 et
1696 525 1864 594 prout
1891 523 2283 597 aequivalenter

367 615 606 674 confessi
646 619 805 671 erant
844 615 1131 691 pharisaei,
1159 617 1228 672 ad
1266 635 1407 691 quos
1448 619 1737 694 respondit
1767 619 2040 677 ChristuS.
2082 604 2279 698 Tertio,

369 716 417 773 si
443 713 721 771 docuisset
746 713 1000 772 Christus
1027 715 1083 772 id
1111 716 1261 790 quod
1283 715 1443 791 fingit
1466 715 1718 786 Bossuet‚
1749 718 2030 776 docuisset
2052 719 2275 783 falsum.

366 815 501 872 Nam
529 814 797 891 possible
833 820 937 887 est,
967 835 1070 874 nec
1103 835 1216 874 una
1242 817 1362 874 vice
1397 817 1654 892 contigit,
1695 824 1756 876 ut
1785 819 1911 894 quis
1939 825 2160 895 gentem
2185 798 2291 881 ali-²
2333 798 2335 805 ἲ

366 936 536 992 quam
561 918 770 992 injuste
802 917 1048 990 invadat,
1082 918 1404 993 legitimum
1434 919 1556 994 ejus
1593 937 1784 993 regem
1819 920 2076 995 expellat,
2111 922 2282 999 impe-
2330 909 2340 976 ἐ

365 1017 566 1074 rialem
596 1016 674 1074 ibi
715 1022 1047 1092 potestatem
1084 1017 1191 1074 sibi
1230 1025 1484 1095 usurpet,
1529 1025 1582 1076 et
1617 1019 1805 1075 statim
1846 1038 2008 1076 suam
2049 1007 2301 1090 monetae‘iz

364 1117 608 1192 effigiem
647 1117 971 1173 substituat.
1014 1116 1189 1181 Quam
1231 1118 1655 1194 oppressionem
1689 1136 1752 1174 ac
1784 1119 2134 1193 tyrannidem
2173 1107 2307 1186 nom}¹

366 1218 563 1289 semel,
608 1218 760 1275 verbi
801 1217 998 1292 gratia,
1042 1219 1430 1275 mahumetani
1474 1218 1759 1294 principes
1796 1225 2186 1276 exercuerunt.
2230 1206 2321 1279 S“·

361 1316 650 1374 Bossuetio
674 1317 893 1382 credaS‚
925 1316 1149 1374 emissis
1175 1318 1332 1373 novis
1359 1317 1635 1385 nummiS‚
1667 1318 1856 1374 statim
1887 1324 2022 1375 etex
2040 1319 2146 1375 hoc
2170 1319 2251 1376 sol
2284 1303 2290 1335 γ’
2323 1301 2326 1308 ’

362 1417 641 1491 ejusmodi
661 1422 965 1493 usurpator
994 1436 1057 1474 ac
1080 1424 1354 1496 tyrannus
1384 1418 1671 1492 legitimus
1701 1418 1783 1491 fit,
1819 1424 1892 1492 et,
1932 1437 1999 1475 ex
2031 1419 2283 1480 doctrina

362 1518 588 1590 Christi,
619 1518 669 1575 ei
698 1536 893 1575 omnes
913 1524 1081 1594 prout
1108 1519 1358 1594 legitimo
1384 1518 1711 1594 imperatori
1742 1519 1966 1576 obedire
1996 1526 2281 1580 tenentur.

367 1618 633 1675 Vesanam
651 1619 808 1675 illam
833 1620 1147 1676 doctrinam
1177 1620 1419 1695 impium
1448 1628 1534 1677 est
1560 1620 1775 1676 Christo
1795 1620 2080 1695 affingere.
2108 1621 2291 1683 Immo,
2335 1670 2340 1675 .

363 1738 488 1777 eam
515 1720 637 1795 ipse
654 1719 978 1777 Bossuetius
1013 1721 1147 1776 alibi
1171 1720 1374 1794 rejicit,
1405 1721 1541 1776 dum
1571 1725 1934 1795 usurpatores
1960 1740 1990 1776 a
2023 1719 2295 1796 legitimis¹

366 1820 718 1895 principibus
746 1821 1064 1894 distinguit.
1091 1855 1165 1862 -—
1187 1821 1239 1876 6υ
1267 1821 1371 1877 Sed
1393 1822 1509 1896 jam
1539 1821 1738 1878 demus
1766 1820 2050 1877 Christum
2082 1822 2148 1878 de
2174 1841 2296 1879 om·-·>
2336 1823 2340 1843 ⁵

366 1921 536 1978 nibus
562 1921 900 1996 generaliter
929 1921 1277 1996 principibus
1304 1922 1578 1978 locutum.
1610 1922 1811 1978 Demus
1842 1940 1973 1977 eum
2003 1921 2299 2005 docuisse„
2327 1924 2330 1933 ’

362 2023 595 2080 cuilibet
620 2023 887 2099 principi,
917 2042 982 2079 ex
1012 2024 1117 2080 hoc
1145 2023 1263 2079 solo
1285 2024 1435 2098 quod
1459 2024 1581 2097 ejus
1608 2021 1790 2096 effigie
1817 2028 2038 2078 moneta
2067 2023 2330 2106 signata'j¹

362 2125 454 2192 sit,
486 2124 765 2181 reddenda
799 2143 919 2181 esse
946 2124 1131 2180 omnia
1171 2142 1294 2199 quae
1320 2124 1588 2198 legitimis
1614 2123 2049 2198 imperatoribus
2078 2125 2299 2182 deben-L

360 2230 473 2281 tur.
509 2226 775 2291 Quaenam
806 2225 1034 2281 tandem
1062 2224 1252 2281 docuit
1294 2225 1546 2281 Christus
1590 2223 1873 2280 reddenda
1915 2243 2034 2280 esse
2070 2225 2310 2301 princi-s>

356 2326 559 2402 pibus?
586 2325 778 2383 Docuit
819 2326 1109 2382 dumtaxat
1147 2324 1429 2381 reddenda
1469 2342 1590 2380 esse
1628 2343 1744 2397 quaa
1785 2332 1909 2381 seint
1942 2324 2190 2392 Caesaris,
2225 2324 2279 2382 id
2303 2321 2325 2395 ᾗ

355 2432 456 2494 est,
492 2445 613 2502 qua]
654 2426 924 2500 legitimis
964 2425 1402 2500 imperatoribus
1430 2426 1723 2482 debentur.
1755 2426 1837 2480 An
1877 2431 2066 2482 autem
2103 2425 2279 2482 decla·

354 2527 498 2583 ravit
523 2544 781 2601 quaenam
810 2525 1139 2591 debeantur,
1176 2543 1433 2598 quaenam
1466 2526 1572 2580 sint
1614 2524 1871 2581 Caesaris?
1919 2525 2164 2581 Minime.
2195 2526 2276 2581 An
2306 2516 2328 2579 ἶ,

355 2627 656 2684 declaravit
682 2645 793 2682 6336
829 2625 1070 2695 GaesariS,
1109 2643 1206 2681 seu
1246 2626 1572 2700 imperatori
1605 2625 1819 2691 deberi,
1854 2634 1915 2682 ut
1947 2645 1978 2682 a
2017 2644 2275 2701 suprema
2306 2622 2337 2698 'g

353 2727 611 2783 Ecclesiae
633 2731 907 2800 potestate
942 2743 1054 2781 non
1087 2725 1263 2799 possit
1290 2725 1515 2800 deponi,
1543 2725 1764 2782 etiamsi
1793 2726 2274 2800 persecutionibus
2302 2783 2306 2788 ,

355 2827 630 2903 populum
656 2827 725 2882 ad
758 2826 1018 2883 haeresim
1060 2825 1148 2881 vel
1182 2826 1520 2901 apostasiam
1549 2826 1874 2900 pertrahere
1901 2826 2152 2882 nitatur?
2182 2826 2295 2881 Mi„

355 2930 530 2988 nime.
562 2931 640 2986 An
684 2930 986 2987 declaravit
1028 2949 1141 2986 esse
1171 2930 1400 2987 Gaesaris
1436 2932 1498 2983 ut
1532 2927 1680 3001 loges
1723 2928 1870 3002 regis
1903 2946 2002 2984 seu
2039 2928 2277 3002 impera·
2307 2951 2316 2961 ·

355 3030 493 3087 toris
513 3077 528 3104 ,
554 3030 653 3087 fini
680 3031 936 3088 Ecclesiae
962 3031 1179 3098 noxiam,
1221 3049 1333 3086 non
1370 3028 1547 3104 possit
1582 3029 1865 3086 Romanus
1906 3029 2154 3085 Pontifex
2184 3047 2278 3085 an-

353 3130 571 3186 nullare
597 3149 659 3186 ac
684 3131 874 3189 irritas
914 3131 1183 3187 reddere?
1212 3129 1454 3186 Minime.
1479 3130 1560 3184 An
1588 3128 1889 3185 declaravit
1918 3147 2028 3184 6336
2056 3128 2275 3185 Caesaris

354 3235 414 3288 ut
436 3248 531 3287 rex
554 3237 781 3305 pactum
809 3230 1230 3288 fundamentale
1257 3229 1414 3303 regni
1441 3227 1932 3304 patenter⁹x·iolans
1962 3246 2074 3284 non
2101 3226 2274 3302 possit

351 3328 600 3403 legitime
627 3329 695 3384 ab
725 3330 979 3403 ejusdem
1011 3329 1171 3404 regni
1199 3328 1417 3384 civibus
1444 3327 1612 3400 ejici?
1636 3325 1882 3382 Minime.
1911 3328 1985 3383 Ac
2017 3327 2264 3393 demum,

355 3426 719 3501 quaestionem
747 3426 906 3483 illam
937 3446 1052 3499 qnae
1077 3429 1185 3483 sint
1211 3426 1438 3484 Caesaris
1467 3443 1538 3481 ne
1567 3423 1736 3481 verbo
1765 3424 1994 3498 quidem
2018 3426 2267 3482 Christus

354 3526 621 3582 Dominus
647 3525 848 3600 attigit.
871 3527 1024 3582 Notet
1051 3527 1226 3583 lector
1254 3543 1421 3600 quam
1449 3525 1657 3582 absone
1682 3525 2003 3582 Bossuetius
2030 3526 2095 3581 ad
2120 3526 2266 3580 hunc

360 3644 531 3683 sacrae
568 3626 869 3702 Scripturae
898 3625 1084 3682 locum
1119 3628 1519 3700 provocaverit.
1562 3625 1916 3682 Probandum
1951 3626 2266 3698 susceperat

357 3725 617 3784 Ecclesiae
661 3726 875 3783 nullam
930 3731 1246 3801 competere
1294 3725 1352 3781 in
1403 3745 1523 3784 rem
1579 3725 1945 3801 temporalem
1995 3727 2261 3802 statuum,

2303 2189 2326 2232 Q

2299 2233 2327 2322 «ἐς
