2340 3990
849 303 978 350 PARS
1009 301 1228 359 QUARTA.
1893 302 1913 346 1
1927 302 1974 347 Η

107 412 442 486 Quapropter
465 408 742 465 conlidens
774 408 841 464 de
871 407 1084 481 judicio
1117 414 1170 463 et
1205 404 1583 463 misericordia
1615 403 1709 460 Dei
1748 403 1981 477 ejusque

105 506 362 586 piissimae
412 504 602 561 matris
642 521 861 576 semper
906 504 1134 577 virginis
1180 503 1355 560 Mariae
1378 548 1391 570 ,
1431 502 1604 558 fultus
1637 506 1816 557 vestra
1856 517 1983 556 auc-

104 605 336 670 toritate,
389 620 530 677 saepe
571 601 921 657 nominatum
959 601 1279 668 Henricum,
1328 619 1494 675 quem
1540 617 1723 673 regem
1768 598 1981 668 dicunt,

106 719 401 775 omnesque
437 700 678 755 fautores
711 699 831 770 ejus
870 698 1427 754 excommunicationi
1472 696 1730 771 subjici0,
1776 701 1830 752 et
1861 713 1987 751 ana-

106 799 358 859 thematis
393 797 627 853 vinculis
655 795 819 867 alligo
846 815 856 846 :
887 800 940 850 et
967 795 1170 850 iterum
1216 813 1449 868 regnum
1480 794 1906 851 'santonicorum
1934 798 1991 849 et

107 897 286 966 ltaliae,
325 913 385 952 ex
414 900 566 969 parte
595 891 988 965 omnipotentis
1009 890 1100 946 Dei
1128 898 1181 947 et
1200 897 1378 947 vestra
1405 891 1745 948 interdicens
1773 891 1845 957 ei,
1875 908 1989 946 om-

111 1012 230 1050 nem
258 997 576 1067 potestatem
610 995 662 1045 et
697 988 1019 1061 dignitatem
1052 987 1134 1043 illi
1176 988 1381 1060 regiam
1427 988 1582 1058 tollo,
1617 994 1671 1043 et
1701 994 1763 1043 ut
1795 988 1990 1043 nullus

112 1090 527 1148 christianorum
567 1087 616 1144 ei
657 1087 800 1143 sicut
835 1085 949 1158 regi
987 1085 1206 1141 obediat
1235 1084 1524 1150 interdico,
1564 1103 1867 1158 omnesque
1889 1086 1987 1158 qui

111 1188 162 1245 ei
181 1189 498 1262 juraverunt
520 1185 603 1240 vel
631 1183 900 1257 jurabunt
924 1183 991 1239 de
1015 1182 1170 1255 regni
1194 1181 1596 1247 dominatione,
1630 1200 1660 1237 a
1679 1182 1984 1254 juramenti

110 1283 468 1357 promissione
497 1281 738 1336 absolvo.
778 1281 897 1355 Ipse
922 1285 1107 1336 autem
1140 1279 1408 1335 Henricus
1452 1297 1577 1334 cum
1615 1277 1732 1334 suis
1762 1277 1990 1333 fautori-

111 1380 212 1436 bus
236 1381 293 1435 in
312 1380 460 1434 omni
488 1377 872 1451 congressione
897 1377 1028 1433 belli
1055 1377 1238 1433 nullas
1263 1376 1408 1432 vires
1435 1376 1765 1448 nullamque
1793 1374 1850 1429 in
1879 1374 1985 1429 vita

111 1492 207 1531 sua
237 1475 518 1531 victoriam
555 1473 816 1530 obtineat.
843 1475 906 1530 Ut
946 1479 1131 1529 autem
1170 1474 1495 1547 Rodulphus
1530 1490 1762 1545 regnum
1795 1472 1990 1527 Teuto-

113 1573 363 1629 nicorum
390 1580 537 1647 regat
573 1578 626 1628 et
656 1571 927 1638 defendat,
957 1590 1124 1644 quem
1154 1571 1438 1627 Teutonici
1472 1571 1759 1643 elegerunt
1787 1569 1894 1624 sibi
1932 1569 1990 1623 in

118 1688 319 1743 regem,
356 1671 422 1726 ad
462 1675 697 1725 vestram
739 1670 1058 1725 fidelitatem
1091 1687 1153 1724 ex
1182 1675 1335 1742 parte
1369 1674 1548 1725 vestra
1575 1669 1740 1741 dono,
1779 1668 1987 1740 largior

119 1772 171 1822 et
195 1767 431 1822 concedo
455 1765 711 1820 omnibus
742 1764 845 1820 sibi
878 1763 1114 1828 fideliter
1140 1766 1547 1822 adhaerentibus
1581 1766 1987 1821 absolutionem

119 1862 367 1919 omnium
387 1868 804 1935 peccatorum...
830 1860 979 1916 Sicut
997 1861 1144 1915 enim
1172 1861 1437 1918 Henricus
1460 1881 1558 1934 pro
1592 1882 1689 1919 sua
1712 1865 1990 1938 superbia,

118 1960 482 2015 inobedientia
526 1965 578 2014 et
602 1959 837 2014 salsitate
881 1976 910 2012 a
953 1958 1105 2031 regni
1133 1958 1395 2030 dignitate
1421 1961 1568 2032 juste
1608 1961 1891 2033 abjicitur,
1922 1963 1994 2017 ita

115 2054 399 2127 Rodulpho
430 2073 528 2127 pro
560 2072 658 2109 sua
698 2053 1028 2122 humilitate,
1070 2055 1381 2111 obedientia
1408 2063 1460 2112 et
1502 2056 1728 2112 veritate
1755 2063 1998 2130 potestas

114 2155 165 2206 et
190 2150 427 2223 dignitas
457 2150 607 2222 regni
637 2150 975 2206 conceditur.

190 2269 216 2299 «
237 2247 387 2318 Agite
405 2265 575 2314 nunc,
607 2265 814 2320 quaeso,
838 2247 1021 2303 Patres
1047 2252 1100 2302 et
1138 2248 1418 2321 Principes
1461 2251 1803 2306 sanctissimi
1851 2252 1998 2319 (allo-

116 2344 303 2416 quitur
333 2343 615 2416 Apostolos
655 2344 874 2400 Petrum
911 2349 962 2399 et
997 2345 1275 2413 Paulum),
1311 2351 1373 2400 ut
1401 2347 1582 2402 omnis
1627 2349 1872 2404 mundus
1917 2349 1996 2405 in-

117 2442 324 2514 telligat
352 2446 403 2496 et
425 2446 713 2514 cognoscat
737 2441 865 2514 quia
892 2441 938 2496 si
972 2441 1200 2514 potestis
1231 2443 1288 2496 in
1305 2443 1444 2497 coelo
1471 2444 1643 2516 ligare
1671 2453 1725 2500 et
1757 2446 1990 2514 solvere,

120 2537 340 2611 potestis
368 2537 423 2591 in
446 2542 587 2593 terra
612 2538 858 2613 imperia,
897 2556 1084 2610 regna,
1121 2539 1487 2613 principatuS,
1535 2542 1792 2609 ducatus,
1844 2561 1990 2598 mar-

121 2635 288 2699 chias,
329 2635 616 2691 comitatus
659 2642 711 2692 et
735 2636 1306 2718 omniumJiominum
1340 2640 1720 2712 possessiones
1749 2660 1848 2714 pro
1879 2660 1991 2697 me-

122 2730 240 2785 ritis
265 2731 452 2787 tollere
482 2732 779 2806 unicuique
815 2738 868 2789 et
894 2733 1214 2789 concedere.
1240 2735 1339 2790 Vos
1377 2736 1523 2792 enim
1556 2737 1983 2810 patriarchatuS,

118 2826 404 2900 primatuS,
449 2828 966 2904 archiepiscopatus,
1010 2830 1356 2905 episcopatus
1414 2834 1734 2906 frequenter
1787 2835 1991 2890 tulistis

117 2923 294 2995 pravis
321 2931 373 2979 et
398 2924 655 2998 indignis,
701 2930 754 2981 et
797 2926 1069 3000 religiosis
1103 2927 1235 2983 viris
1270 2929 1520 2987 dedistis.
1572 2931 1626 2986 Si
1655 2932 1802 2987 enim
1834 2932 1992 3006 spiri-

119 3018 283 3074 tualia
325 3020 602 3092 judicatiS,
643 3022 775 3096 quid
812 3024 879 3079 de
915 3025 1274 3081 saecularibus
1309 3045 1402 3083 vos
1455 3047 1616 3101 posse
1650 3029 1990 3084 credendum

121 3115 299 3171 est'3...
317 3117 608 3175 Addiscant
632 3137 780 3175 nunc
805 3137 960 3194 reges
990 3125 1041 3175 et
1064 3139 1255 3179 omnes
1277 3125 1466 3180 saeculi
1495 3125 1775 3199 principes
1797 3126 1991 3200 quanti

122 3226 215 3264 vos
243 3212 391 3281 estis,
425 3216 555 3287 quid
596 3217 843 3290 potestiS,
876 3225 928 3274 et
955 3218 1184 3275 timeant
1224 3223 1379 3294 parvi
1419 3225 1656 3298 pendere
1682 3224 1989 3296 jussionem

123 3303 368 3363 Ecclesiae
407 3322 594 3368 vestrae
627 3334 638 3365 :
686 3319 739 3370 et
778 3314 834 3369 in
868 3316 1130 3389 praedicto
1155 3318 1387 3376 Henrico
1426 3327 1535 3376 tam
1577 3322 1685 3377 cilo
1711 3320 1987 3395 judicium

122 3405 365 3457 vestrum
389 3414 647 3478 exercete,
677 3415 739 3465 ut
769 3428 956 3467 omnes
980 3413 1152 3469 sciant
1181 3414 1307 3487 quia
1338 3435 1450 3471 non
1479 3417 1722 3481 l'ortuitm
1753 3416 1847 3471 sed
1877 3431 1992 3468 ves-

122 3501 203 3554 tra
237 3505 495 3573 potestate
527 3505 697 3563 cadet.
735 3509 1117 3568 Confundatur
1154 3514 1369 3570 utinam
1409 3516 1476 3571 ad
1512 3513 1889 3588 poenitentiam
1926 3519 1988 3566 ut

122 3593 351 3668 spiritus
377 3594 447 3651 sit
473 3597 658 3656 salvus
685 3601 743 3658 in
768 3604 856 3661 die
870 3605 1105 3665 Domini.
1131 3631 1158 3662 »
