2340 4062
354 255 440 303 110
575 313 583 322 *
1020 249 1317 295 TRACTATUS
1343 249 1410 294 DE
1439 250 1587 296 ΡΑΡΑ.

348 360 582 437 sinyalos
600 360 869 414 haereticos
887 353 1249 426 hujusmodi...
1267 355 1471 409 etiamsi
1491 354 1906 425 patriarchali...
1924 360 2105 432 reqali,
2126 379 2259 433 reqi-
2331 385 2334 390 ·

348 460 479 527 nali,
500 459 691 523 ducali,
716 463 806 511 aut
837 454 944 509 alia
957 453 1138 524 quavis
1164 452 1511 509 ecclesiastica
1526 453 1885 510 velinundana
1905 460 2258 532 praefulqeant

351 560 622 632 diqnitate.
636 601 647 611 .
663 602 672 612 .
686 601 699 622 ‚
721 554 1034 610 auctoritate
1055 552 1310 625 praedicta
1327 554 1484 610 etiam
1497 572 1595 627 per
1612 556 2177 615 excommunicationis,
2191 604 2202 615 .
2216 604 2227 614 .
2240 604 2255 626 ‚

348 676 552 714 necnon
590 653 904 728 priva-tionis
957 651 1339 723 diqnitatum...
1392 660 1443 708 et
1484 653 1844 726 officiorum...
1892 653 2260 712 ecclesiastico-

348 777 559 824 rnm‚...
600 772 661 810 ac
694 755 851 807 etia-m
889 752 1140 807 bonorum
1179 759 1229 808 et
1270 753 1582 824 cliynitatum
1625 753 2048 820 saecular-imm...
2103 757 2259 811 etiam

342 876 441 930 per
465 857 732 928 captiones
751 860 800 908 et
824 853 1266 908 incarcerationes
1282 870 1632 925 personarum
1650 859 1700 908 et
1718 853 1851 908 alias
1864 871 2049 926 poenas
2076 873 2259 928 corpo-

346 956 484 1010 rales
511 955 692 1027 quibas
726 953 947 1008 haeretici
978 953 1340 1024 puniuntur...
1374 953 1534 1024 juxta
1560 953 1838 1007 canonicas
1862 955 2255 1020 sanctiones‚...

342 1055 615 1126 corr-matis
643 1061 692 1108 et
718 1053 975 1125 puniatis
1019 1049 1238 1125 (Co-leti,
1266 1055 1309 1106 t.
1346 1050 1472 1117 XVI,
1516 1070 1572 1125 p.
1622 1050 1776 1125 765.)
1821 1050 2048 1116 Quando
2080 1052 2260 1108 Marti-

341 1169 451 1207 nus
474 1151 515 1205 V
542 1151 688 1205 hanc
714 1147 1313 1222 bullam‚approbante
1347 1147 1581 1203 concilio
1617 1147 2046 1217 Constantiensi,
2076 1147 2261 1223 publi-

339 1249 504 1316 cavit,
543 1247 844 1305 concilium
879 1246 1029 1302 istud
1061 1246 1168 1303 fuit
1206 1254 1345 1302 certo
1385 1245 1814 1303 oecumenicum.
1853 1247 2124 1322 Equidem
2150 1247 2259 1305 alia

337 1347 498 1423 plura
520 1366 644 1422 quae
668 1350 1068 1422 praecesserant
1088 1345 1343 1418 ejusdem
1368 1345 1566 1420 synodi
1587 1345 1813 1421 ,decreta
1829 1347 1942 1403 vim
1961 1347 2273 1406 oecumenin

333 1448 514 1506 citatis
542 1466 653 1504 non
684 1447 944 1504 babuisse
981 1445 1183 1502 merito
1213 1446 1597 1503 contenditur.
1629 1447 1895 1521 Quodque
1920 1446 1977 1502 in
2015 1447 2260 1523 particu-

329 1548 434 1605 lari
466 1550 568 1604 hac
602 1546 1074 1604 oecumenicitatis
1103 1546 1418 1603 conditione
1440 1546 1729 1602 caruerint
1751 1547 2029 1604 sessiones
2057 1553 2257 1621 quarta
2303 1585 2309 1591 -

329 1650 384 1702 et
410 1645 626 1718 quinta,
659 1644 754 1701 ubi
788 1645 855 1700 de
881 1643 1214 1699 auctoritate
1237 1642 1461 1699 concilii
1501 1661 1672 1717 supra
1705 1644 1908 1717 Papam
1936 1651 2119 1701 actum
2146 1649 2250 1710 est,

329 1744 463 1800 alibi
491 1743 871 1818 probavimus.
904 1740 1057 1797 Unde
1091 1741 1216 1797 aliis
1248 1741 1432 1796 citatis
1465 1741 1707 1797 textibus
1737 1759 1848 1797 non
1879 1741 2118 1798 nitimur
2143 1741 2255 1799 nisi

329 1849 604 1918 tanquam
640 1850 949 1915 aiyiwnento
991 1842 1059 1897 ad
1086 1843 1366 1908 hominem,
1401 1841 1456 1895 id
1490 1847 1596 1911 est,
1624 1847 1815 1897 contra
1846 1840 2111 1898 Gallicani
2141 1861 2259 1919 sys-

331 1941 555 1997 tematis
577 1957 868 2013 sequaces,
890 1938 987 2012 qui
1011 1939 1285 2013 synodum
1312 1937 1469 1994 illam
1497 1944 1610 1994 toto
1631 1958 1740 2012 quo
1763 1939 1983 1996 duravit
2008 1945 2259 2015 tempore

334 2039 743 2096 oecumenicam
771 2038 995 2108 volunt3
1030 2043 1084 2094 et
1102 2036 1338 2111 insuper
1363 2037 1583 2094 decreta
1612 2039 1728 2094 haec
1751 2037 1938 2094 valent
1962 2039 2159 2095 saltem
2186 2041 2257 2097 ad

335 2140 650 2198 testandam
672 2139 1095 2214 persuasionem
1108 2138 1334 2194 Patrum
1352 2137 1862 2195 Constantiensium
1889 2137 1956 2195 de
1984 2144 2255 2213 potestate

329 2240 588 2297 Ecclesiae
618 2240 673 2294 in
709 2258 829 2295 rem
867 2238 1239 2312 temporalem
1275 2243 1550 2294 statuum.
1592 2237 1658 2292 At
1694 2236 1873 2293 citatae
1905 2237 2072 2295 bullae
2117 2240 2255 2294 inter

331 2346 544 2395 cunctas
566 2338 786 2393 Martini
814 2337 874 2406 V,
920 2355 951 2392 a
982 2335 1220 2393 concilio
1253 2335 1593 2410 approbatae,
1635 2335 1744 2392 vim
1786 2336 2253 2393 oecumenicitatis

331 2422 514 2496 inesse
536 2456 771 2512 prorsus
806 2443 1027 2494 certum
1068 2442 1170 2492 est.
1215 2436 1335 2491 Jam
1364 2453 1492 2491 vero
1520 2454 1619 2510 per
1647 2434 1856 2491 bullam
1880 2436 2044 2492 istam
2081 2437 2254 2494 mani-

329 2538 635 2594 festissime
674 2536 992 2592 vindicatur
1022 2535 1279 2592 Ecclesiae
1320 2540 1563 2610 potestas
1611 2535 1670 2591 in
1716 2553 1837 2592 rem
1884 2537 2251 2611 temporalem

332 2644 601 2696 statuum.
647 2636 729 2693 lbi
775 2636 925 2692 enim
965 2635 1264 2692 mandatur
1304 2634 1591 2709 Episcopis
1629 2640 1682 2691 et
1718 2634 2150 2709 inquisitoribus
2190 2641 2253 2693 ut

332 2738 616 2811 corrigant
641 2742 691 2792 et
721 2735 952 2809 puniant
979 2753 1074 2791 eos
1104 2736 1189 2808 qui
1219 2735 1373 2790 aliter
1395 2737 1592 2791 sentire
1626 2737 2063 2807 praesumpserint
2096 2720 2274 2808 quam'

333 2839 480 2894 docet
513 2843 852 2893 sacrosancta
882 2835 1123 2892 Romana
1154 2834 1389 2891 Ecclesia
1432 2842 1481 2890 et
1530 2834 1858 2890 universalis.
1912 2833 1977 2889 Et
2022 2834 2250 2908 quidem

330 2936 470 3010 ipsis
507 2935 822 3009 injungitur
856 2939 917 2990 ut
954 2932 1211 3009 puniant,
1255 2951 1368 2989 non
1404 2937 1624 2988 tantum
1652 2950 1750 3005 per
1799 2931 2251 2990 excommunica-

330 3036 565 3102 tionem,
597 3038 694 3092 sed
720 3035 888 3093 etiam
906 3052 1007 3110 per
1031 3052 1222 3110 poenas
1238 3035 1553 3107 privationis
1577 3035 1892 3106 diqnitatam
1919 3042 1970 3090 et
1995 3036 2248 3091 bonoram

297 3134 673 3218 hamalarium,
703 3151 920 3190 necnon
946 3151 1044 3206 per
1077 3134 1344 3206 captiones
1383 3139 1433 3188 et
1463 3134 1934 3189 incarcerationes.
1973 3133 2150 3206 Atque
2191 3132 2249 3188 id

330 3233 651 3290 decernitur
685 3237 881 3288 contra
921 3232 1315 3306 delinquentes
1349 3230 1646 3304 quoslibet,
1695 3231 1916 3288 etiamsi
1960 3232 2123 3304 reqali
2158 3239 2250 3289 aut

330 3334 437 3390 alia
471 3334 649 3407 quavis
673 3332 942 3388 mundana
961 3331 1308 3405 praefulqeant
1350 3330 1625 3402 diynitate.
1671 3331 1734 3385 Et
1764 3331 1992 3387 tandem
2035 3330 2095 3388 id
2122 3349 2248 3389 exe-

330 3433 617 3508 quendum
638 3430 959 3507 praecipitur
977 3428 1303 3487 auctoritate
1330 3428 1482 3486 sedis
1505 3430 1850 3504 Apostolicae.
1884 3431 2028 3504 Ergo
2059 3448 2249 3488 revera

331 3531 628 3590 concilium
665 3529 1079 3587 Constantiense
1105 3526 1478 3585 indubitatam
1511 3528 1708 3593 habuit
1724 3529 1981 3587 Ecclesiae
2006 3534 2247 3604 potesta·

331 3638 447 3691 tem
473 3632 534 3689 in
557 3649 676 3689 rem
695 3628 1062 3705 temporalem
1082 3631 1352 3686 statuum.
1381 3627 1445 3685 Et
1464 3632 1795 3705 potestatem
1821 3630 1967 3687 hanc
1990 3628 2099 3687 sibi
2123 3628 2244 3686 vin-
