2340 4062
882 317 1009 366 PARS
1038 316 1256 371 QUARTA.
1955 311 2013 359 95
2072 333 2077 339 ·

136 434 382 512 proferre
406 431 768 487 videantur.»
802 425 961 496 (Edit.
1003 423 1297 498 Ingolstad,
1326 421 1492 488 1595,
1522 426 1562 476 t.
1586 418 1675 489 ΙΙΙ,
1712 436 1836 492 pag.
1877 418 2008 486 569,

137 532 279 606 disp.
309 551 345 597 1,
375 532 566 603 quaest.
596 546 682 596 xu,
712 529 901 598 punct.
934 522 990 591 2,
1021 528 1214 578 assert.
1246 521 1324 592 2.)

211 629 345 683 Item
374 625 608 698 alicujus
633 617 871 676 nominis
896 617 1072 673 Caesar
1095 618 1319 687 Carena,
1349 616 1443 691 qui
1470 615 1527 670 in
1556 618 1793 669 tractatu
1819 630 1920 668 suo
1947 612 2015 668 de

139 726 319 782 officio
354 728 548 780 sanctae
590 715 963 791 inquisitionis
1004 716 1118 770 haec
1156 713 1375 789 scripsit
1415 735 1427 766 :
1468 712 1699 767 «Prima
1743 709 2014 767 sententia

139 822 425 897 (nimirum
455 834 560 892 qua
589 819 819 888 negatur
842 818 962 868 tum
990 810 1195 867 directa
1220 817 1339 867 tum
1370 810 1637 866 indirecta
1663 810 1818 882 Papae
1834 813 2014 882 potes-

140 928 221 978 tas
257 921 314 976 in
348 935 463 975 rem
502 913 862 988 temporalem
888 910 1117 982 Regum)
1164 914 1246 965 est
1279 908 1510 979 Calvini,
1550 907 2011 973 centuriatorum,

137 1017 275 1074 Petri
302 1010 793 1090 pseudomartyris,
821 1006 1028 1063 Brentii
1058 1013 1110 1062 et
1135 1005 1373 1060 aliorum
1394 1005 1802 1071 haereticorum,
1834 1005 1930 1078 qui
1957 1005 2015 1060 in

137 1114 392 1190 pontifice
416 1112 594 1182 solum
631 1111 935 1182 agnoscunt
969 1110 1292 1178 potestatem
1319 1102 1688 1176 spiritualem,
1726 1110 1780 1158 et
1813 1103 1862 1158 ei
1899 1121 2015 1160 om-

137 1229 264 1268 nem
293 1208 651 1282 temporalem
691 1207 960 1276 denegant
996 1199 1444 1275 jurisdictionem
1474 1198 1588 1254 sive
1613 1199 1876 1254 directam
1902 1199 2016 1255 sive

135 1306 473 1362 indirectam.
509 1325 536 1356 »
563 1303 634 1358 De
658 1303 757 1356 hac
779 1299 1037 1374 opinione
1067 1296 1200 1352 dicit
1221 1296 1424 1350 Carena
1452 1317 1462 1348 ε
1496 1303 1571 1349 est
1598 1297 1754 1366 impia
1779 1303 1828 1349 et
1855 1297 2017 1349 haere-

138 1405 235 1458 tica
267 1404 427 1476 (part.
452 1401 493 1474 Ι,
518 1401 602 1456 tit.
621 1399 661 1465 I,
684 1400 746 1453 de
770 1398 966 1453 Potest.
987 1397 1172 1451 summi
1189 1394 1343 1450 Pont.
1368 1396 1420 1447 in
1449 1401 1628 1464 temp„
1651 1394 1675 1463 ἓ
1701 1411 1752 1447 v.
1775 1391 2015 1464 —Apud

137 1499 376 1567 Bianchi,
407 1504 445 1553 t.
475 1498 516 1567 Ι,
538 1517 589 1570 p.
623 1496 774 1569 125).

211 1597 342 1651 Item
367 1595 599 1667 alicujus
625 1592 866 1648 nominis
885 1591 1199 1663 Alphonsus
1219 1588 1501 1654 CiaconUS,
1528 1588 1623 1661 qui
1651 1588 1728 1643 sic
1755 1587 1934 1651 hahet,
1960 1586 2017 1640 in

145 1691 250 1746 vita
271 1692 460 1747 Leonis
484 1692 548 1745 Ill
572 1712 581 1742 :
620 1712 644 1740 «
677 1690 730 1743 Si
757 1689 880 1760 quis
907 1693 1066 1758 neget
1091 1685 1322 1740 Romani
1350 1686 1602 1740 Praesulis
1630 1684 2015 1739 auctoritatem

146 1788 202 1842 in
230 1789 542 1861 imperium,
574 1788 734 1859 plane
759 1785 966 1856 impius
1007 1788 1058 1838 et
1098 1783 1359 1852 infidelis,
1394 1788 1447 1838 et
1480 1801 1668 1838 rerum
1691 1781 2019 1839 ecclesiasti-

143 1903 332 1940 carum
372 1886 529 1957 plane
566 1883 718 1938 rudis
756 1899 875 1936 esse
916 1879 1278 1935 convincitur.
1312 1902 1338 1931 »
1385 1880 1562 1952 (Apud
1591 1879 1838 1949 Bianchi,
1884 1879 2020 1932 della

140 1981 351 2036 Potesta
370 1982 503 2035 della
532 1979 731 2041 Chiesa,
765 1982 806 2030 t.
837 1976 880 2041 Ι,
909 1994 960 2047 p.
998 1975 1152 2043 125.)

210 2078 343 2132 Item
380 2077 614 2148 alicujus
652 2072 894 2128 nominis
930 2073 1035 2127 fuit
1072 2072 1377 2127 Cardinalis
1418 2073 1707 2139 Baronius,
1758 2073 1815 2127 in
1863 2074 2023 2145 cujus

135 2173 438 2228 Annalibus
476 2173 556 2228 sic
595 2173 776 2243 legere
817 2174 897 2224 est
933 2170 1000 2223 ad
1039 2187 1246 2223 annum
1292 2170 1420 2235 800,
1455 2189 1510 2224 n.
1559 2171 1651 2238 14,
1696 2171 1786 2225 ubi
1818 2171 1929 2243 agit
1959 2170 2025 2225 de

132 2268 491 2325 translatione
519 2266 735 2338 imperii
765 2283 793 2319 a
816 2266 1013 2320 Graecis
1038 2266 1104 2318 ad
1132 2265 1503 2332 Occidentem,
1533 2268 1859 2322 auctoritate
1884 2269 2022 2322 Pon-

131 2365 290 2420 tificia
320 2386 330 2417 :
369 2385 395 2416 «
426 2364 574 2426 Quod
608 2369 795 2417 autem
834 2380 898 2417 ex
935 2362 1335 2427 convenientia,
1372 2363 1614 2418 utilitate
1659 2365 1931 2436 exigente,
1974 2372 2027 2420 et

131 2461 452 2517 necessitate
482 2466 757 2535 poscente,
794 2460 899 2516 Deo
925 2459 1157 2529 volente,
1194 2459 1402 2514 sactum
1431 2461 1701 2531 diximus,
1737 2462 1791 2516 id
1838 2462 2024 2534 ipsum

130 2577 195 2614 cx
230 2558 389 2613 insita
420 2558 522 2631 ipsi
557 2559 800 2612 Romano
826 2556 1069 2612 Pontifici
1095 2575 1355 2612 concessa
1395 2557 1663 2614 divinitus
1699 2560 2026 2615 auctoritate

133 2654 307 2709 fuisse
330 2655 616 2728 impletum
654 2655 857 2728 pariter
886 2654 1252 2709 affirmamus,
1282 2655 1449 2726 Neget
1476 2655 1522 2710 si
1554 2656 1677 2728 quis
1708 2656 1832 2725 ista,
1866 2658 2026 2730 plane

131 2754 315 2823 impius
361 2760 406 2807 et
454 2754 693 2824 infidelia,
728 2771 790 2808 ac
819 2771 1007 2809 rerum
1051 2753 1557 2809 ecclesiasticarum
1601 2754 1825 2827 penitus
1870 2756 2026 2811 rudis

150 2864 268 2903 esse
292 2848 665 2903 convincitur?
682 2870 708 2901 »

224 2944 466 3016 Itemque
499 2945 733 3018 alicujus
759 2946 1102 3002 auctoritatis
1136 2952 1189 3002 et
1227 2947 1469 3002 nominis
1513 2948 1758 3002 tribunal
1795 2948 2029 3021 inquisi-

150 3040 312 3095 tionis
348 3041 666 3114 hispanicae,
704 3061 733 3096 a
771 3061 876 3115 quo
912 3061 1151 3116 sequens
1190 3044 1490 3116 propositio
1516 3046 1773 3100 damnata
1805 3051 1885 3100 est
1913 3051 2030 3100 tan-

154 3152 315 3207 quam
355 3155 572 3193 erronea
609 3144 662 3194 et
705 3141 1027 3195 schismatica
1065 3161 1075 3192 z
1122 3161 1148 3191 (ι
1183 3141 1335 3204 Quod
1378 3141 1621 3214 pontifex
1666 3148 1761 3197 aut
1790 3142 2028 3198 Ecclesia

158 3233 362 3289 nullam
387 3236 588 3292 habent
609 3242 930 3310 potestatem
957 3238 1162 3293 directe
1187 3239 1271 3293 vel
1303 3238 1570 3294 indirecte
1598 3239 1655 3293 in
1674 3258 1870 3312 regum
1900 3247 2030 3294 tem-

160 3331 382 3401 poralia,
411 3339 465 3389 et
495 3335 641 3408 quod
675 3353 783 3391 non
822 3336 1039 3409 possint
1064 3337 1190 3392 exui
1222 3337 1337 3392 suis
1364 3337 1651 3407 dominiis,
1696 3355 1797 3393 nec
1822 3333 2029 3392 subditi

160 3426 364 3483 absolvi
390 3447 416 3485 a
439 3433 747 3503 juramento
777 3434 1054 3490 fidelitatis
1086 3453 1435 3508 quacumque
1460 3435 1526 3491 de
1552 3453 1734 3491 causa.
1759 3434 1886 3496 Quae
1907 3448 2030 3503 pro-

162 3524 357 3596 positio
381 3533 461 3583 est
493 3548 706 3588 erronea
742 3541 791 3588 et
826 3535 1168 3588 schismatica.
1204 3555 1230 3585 »
1273 3534 1453 3607 (Apud
1479 3533 1725 3596 Bianchi‚
1767 3530 1901 3584 della
1925 3529 2028 3583 Po-

161 3628 291 3675 testa
318 3622 452 3678 della
479 3624 676 3694 Chiesa,
704 3634 743 3686 t.
789 3629 829 3697 1,
866 3647 919 3701 p.
961 3629 1089 3701 126,
1131 3630 1262 3685 edit.
1302 3630 1482 3685 Romae
1516 3629 1705 3696 1745.)
1741 3626 2028 3680 Decretum
