2340 4062
924 324 1052 371 PARS
1077 324 1292 378 QUARTA.
1954 323 2043 372 105

190 436 391 509 tophel;
429 436 751 490 frustratum
781 437 865 489 est
898 432 1194 488 consilium
1219 430 1607 504 malignorum.
1634 427 1896 485 Dominus
1931 435 2042 487 ete-

190 532 304 587 nim
327 533 486 606 Papa,
514 530 843 606 approbante
866 546 966 603 pro
991 528 1185 601 majori
1221 534 1373 603 parte
1389 533 1442 584 et
1465 525 1671 583 saniori
1693 531 2038 582 sacrosancto

190 630 440 694 concilio,
492 628 546 683 in
588 628 733 683 bunc
772 626 997 681 modum
1033 626 1305 682 ordinavit
1345 626 1411 682 de
1457 624 1672 699 negotio
1711 628 2032 680 memorate.

189 726 385 781 Statuit
409 723 678 796 siquidem
709 726 763 778 et
796 715 1030 795 providit
1053 722 1201 794 quod
1225 723 1413 778 Tolosa
1434 721 1624 778 civitas
1649 726 1702 778 et
1730 720 1852 776 aliae
1878 724 2039 777 terrae

191 842 218 877 a
250 837 411 878 cruce
436 818 660 891 signatis
683 818 930 882 obtentae,
973 816 1410 873 concederentur
1443 817 1629 874 comiti
1662 817 2035 882 MontisfortiS,

190 918 282 991 qui
328 917 383 973 in
427 915 682 990 praedicto
723 914 938 987 negotio
978 913 1211 968 viriliter
1240 918 1294 968 et
1326 912 1562 969 fideliter
1585 913 1846 970 laboravit
1874 931 2042 988 supra

189 1029 373 1069 omnes
423 1033 433 1065 ε
482 1017 684 1066 terram
724 1027 849 1066 vero
892 1027 1056 1084 quam
1107 1025 1290 1065 comes
1326 1009 1624 1064 Tolosanus
1670 1011 1938 1066 habuerat
1983 1011 2041 1065 in

188 1106 476 1171 Provincia,
513 1105 774 1162 custodiri
809 1105 980 1161 voluit
1006 1123 1260 1162 summus
1298 1104 1557 1170 Pontifex,
1590 1110 1652 1160 ut
1675 1105 1738 1161 de
1762 1105 1859 1161 illa
1885 1106 2040 1162 tieret

189 1203 422 1278 provisio
461 1203 516 1258 in
551 1210 703 1277 parte
727 1203 811 1259 vel
843 1203 900 1258 in
940 1207 1072 1268 toto,
1111 1202 1225 1257 filio
1250 1201 1382 1258 dicti
1421 1201 1639 1258 comitis
1671 1203 1960 1258 Tolosani:
1994 1203 2039 1259 si

183 1306 361 1355 tamen
387 1318 482 1373 per
510 1306 653 1356 certa
677 1300 952 1356 fidelitatis
988 1306 1041 1355 et
1065 1299 1220 1356 bonae
1250 1299 1680 1357 conversationis
1720 1299 1922 1355 indicia
1952 1318 2038 1356 os-

181 1396 424 1461 tenderet
464 1415 520 1452 se
557 1397 932 1454 misericordia
961 1397 1196 1470 dignum
1228 1401 1392 1454 esse¹.
1423 1419 1450 1450 »

252 1494 533 1549 Decretum
561 1500 740 1551 autem
767 1496 836 1550 ab
869 1495 1181 1551 innocentio
1206 1495 1417 1552 editum
1444 1501 1498 1550 et
1523 1512 1552 1549 a
1580 1494 1813 1550 concilio
1845 1512 2038 1568 appro-

184 1591 366 1646 batum
401 1592 605 1647 tenoris
628 1597 709 1647 est
732 1592 961 1665 hujusce
986 1592 1134 1647 modi
1157 1616 1167 1647 z
1212 1614 1239 1645 «
1265 1592 1540 1655 Quantum
1566 1592 1803 1648 Ecclesia
1825 1593 2037 1648 labora-

182 1685 250 1738 vit
287 1703 380 1758 per
405 1687 783 1759 praedicatores
808 1694 861 1744 et
885 1706 1046 1744 cruce
1070 1689 1310 1761 signatos
1336 1690 1403 1744 ad
1429 1689 1902 1745 exterminandum
1929 1691 2034 1745 hae-

187 1780 376 1836 reticos
407 1788 458 1837 et
496 1784 771 1856 ruptarios
800 1786 866 1840 de
894 1786 1171 1858 provincia
1199 1786 1540 1842 Narbonensi
1565 1791 1619 1843 et
1651 1787 1901 1861 partibus
1927 1788 2034 1843 sibi

184 1877 392 1940 viciniS,
432 1884 574 1934 totus
600 1897 736 1953 pene
758 1881 906 1936 orbis
934 1882 1194 1954 agnoscit.
1227 1883 1291 1937 Et
1311 1883 1532 1955 quidem
1562 1902 1659 1956 per
1683 1883 1775 1939 Dei
1802 1884 2033 1956 gratiam

179 1978 231 2027 et
271 1974 697 2031 sollicitudinem
735 1983 978 2033 nostram
1018 1979 1171 2035 valde
1207 1979 1454 2053 profecit,
1495 1999 1622 2035 cum
1657 1979 2035 2036 exterminatis

180 2068 442 2140 utrisque,
492 2077 632 2125 terra
679 2072 794 2146 ipsa
821 2074 877 2129 in
917 2073 1021 2130 fide
1049 2076 1315 2131 catholica
1357 2082 1410 2132 ct
1445 2094 1576 2150 pace
1613 2077 1850 2131 fraterna
1887 2095 2035 2132 nunc

175 2163 468 2220 salubriter
512 2168 864 2237 gubernetur.
916 2170 1050 2233 Quia
1094 2190 1219 2228 vero
1262 2173 1471 2229 novella
1515 2173 1775 2247 plantatio
1824 2173 2032 2246 indiget

174 2258 410 2332 irrigari,
438 2278 590 2316 sacro
617 2265 867 2319 consulto
893 2267 1126 2322 concilio
1158 2267 1231 2323 ita
1263 2269 1519 2324 duximus
1545 2270 1975 2342 providendum:
2003 2292 2029 2322 »

248 2353 358 2408 «Ut
385 2354 719 2413 Raimondus
750 2358 1048 2417 Tolosanus
1083 2381 1288 2429 comes,
1326 2363 1421 2437 qui
1458 2364 1748 2437 culpabilis
1779 2373 2030 2439 repertus

174 2455 254 2503 est
286 2449 340 2503 in
371 2458 622 2524 utroque,
654 2472 753 2510 nec
789 2474 1036 2530 unquam
1075 2460 1178 2514 sub
1216 2460 1337 2532 ejus
1370 2461 1638 2534 regimine
1675 2450 1819 2517 terra
1858 2463 2030 2535 possit

174 2542 226 2595 in
249 2543 370 2600 tidei
396 2553 538 2603 statu
562 2551 764 2605 servari
793 2552 953 2625 (sicut
993 2573 1019 2610 a
1058 2555 1219 2628 longo
1246 2561 1491 2630 tempore
1516 2558 1681 2613 certis
1706 2557 1926 2614 indiciis
1948 2567 2030 2614 est

173 2648 552 2715 compertum),
582 2647 648 2701 ab
671 2650 786 2718 ejus
811 2650 1057 2707 dominio
1091 2654 1255 2724 (quod
1286 2653 1480 2725 utique
1504 2673 1663 2727 grave
1688 2656 1876 2729 gessit)
1907 2675 2027 2730 per-

173 2743 331 2809 petuo
364 2741 433 2795 sit
470 2744 746 2811 exclusus;
774 2753 921 2802 extra
961 2755 1163 2805 terram
1203 2752 1259 2806 in
1300 2753 1417 2808 loco
1455 2753 1652 2810 idoneo
1681 2761 2020 2821 moraturuS,

172 2841 227 2890 ut
268 2836 486 2909 dignam
531 2847 652 2914 agat
690 2844 1060 2916 poenitentiam
1108 2849 1173 2903 de
1216 2850 1471 2923 peccatis.
1523 2852 1911 2909 Verumtamen
1957 2853 2022 2908 de

166 2934 516 3003 proventibus
552 2943 710 2994 terrae
741 2959 838 3013 pro
866 2945 1260 3003 sustentatione
1291 2966 1389 3003 sua
1418 2950 1848 3022 quadringentas
1876 2969 2022 3005 mar-

163 3046 251 3084 cas
277 3033 537 3106 percipiat
565 3039 868 3105 annuatim,
889 3043 1135 3114 quandiu
1160 3046 1434 3102 curaverit
1461 3047 1749 3102 humiliter
1774 3047 2018 3103 obedire.

163 3125 299 3182 Uxor
321 3148 444 3186 vero
484 3132 656 3205 ipsius
688 3138 920 3204 comitis,
959 3158 1113 3197 soror
1161 3144 1434 3216 quondam
1478 3145 2015 3217 regiS,Arragonum‚

164 3220 249 3275 cui
281 3223 346 3278 ab
383 3227 639 3286 omnibus
679 3231 953 3291 laudabile
988 3238 1365 3296 testimonium
1406 3242 1731 3315 perhibetur
1770 3242 1916 3315 quod
1947 3239 2015 3293 sit

166 3318 362 3374 mulier
397 3322 615 3383 honest'a
645 3334 697 3385 et
728 3334 1011 3400 catholica,
1046 3343 1223 3395 terras
1260 3340 1329 3395 ad
1357 3358 1522 3396 suum
1549 3340 1862 3397 dotalitium
1894 3354 2014 3409 per-

163 3411 390 3471 tinentes
430 3418 631 3494 integre
670 3427 862 3484 habeat
900 3437 954 3487 et
993 3434 1196 3506 quiete.
1247 3436 1321 3492 Ita
1364 3443 1546 3493 tamen
1587 3444 1650 3493 ut
1691 3454 1781 3492 eas
1824 3434 1902 3488 sic
1941 3431 2012 3487 ad

215 3551 363 3624 {Petri
401 3554 751 3604 Vallis-Semensis
795 3566 948 3619 (Pierre
989 3569 1039 3611 de
1079 3571 1398 3624 Vautx-Cernayl
1445 3573 1662 3614 historiam
1702 3570 1848 3621 gallice
1886 3566 2018 3608 edidit

158 3617 299 3659 Guizot
320 3625 430 3661 tomo
449 3622 527 3663 xlv
545 3625 712 3669 stsorum
729 3632 942 3675 Memoires
966 3636 1136 3691 relatis-3
1162 3641 1190 3678 ὰ
1219 3638 1424 3680 l'lu‘stoire
1447 3640 1498 3679 cle
1523 3641 1698 3679 Franco.
