2340 3990
876 293 1006 340 PARS
1035 292 1249 341 OCTAVA.
1915 291 2000 341 5⁴7

121 405 308 478 synodi
334 402 559 459 nomine
594 399 936 474 designetur;
978 400 1112 456 dum
1136 396 1392 468 concilia,
1422 398 1782 469 oeeumenica‚
1826 399 2007 478 natio-

119 500 266 558 nalia
314 506 367 556 et
418 497 799 574 provincialia,
847 497 1235 554 indifferenter
1278 497 1363 554 vel
1404 497 1636 554 concilia
1677 496 1764 554 vel
1802 497 2003 573 synodi

119 597 302 655 vocari
341 597 538 662 solent.
574 594 768 668 Igitur,
807 593 941 649 dum
988 591 1389 650 enumerantur
1426 595 1588 651 variae
1638 591 2003 652 conciliorum

121 694 351 769 specieS‚
374 693 583 749 mentio
605 691 831 764 quidem
856 690 977 746 fieri
1003 691 1141 747 solet
1159 691 1325 747 etiam
1349 691 1415 748 de
1436 691 1746 749 dioecesana
1770 693 2003 770 synodo,

122 794 218 850 sed
249 791 735 848 adnotando-illam
774 807 887 845 non
918 807 1040 845 esse
1065 791 1286 865 proprie
1327 791 1651 864 concilium,
1671 809 1745 849 vea
1769 791 1999 865 praecise

119 887 188 943 de
215 904 378 942 causa
404 886 549 958 quod
573 904 683 940 non
708 885 782 941 sit
806 885 1056 960 plurium
1083 887 1480 961 Episcoporum
1517 887 1795 943 adunatio.

196 983 251 1038 2⁰
279 983 411 1038 Item
457 989 519 1038 ut
555 988 699 1038 recte
737 981 1034 1039 definiatur
1074 984 1376 1040 concilium
1409 984 1483 1038 in·
1505 1002 1730 1056 genere,
1765 983 2000 1058 exprimi

121 1081 279 1136 debet
310 1080 606 1135 coadunari
645 1078 939 1152 Episcopos
972 1080 1042 1133 ad
1082 1081 1358 1134 tractanda
1393 1083 1602 1150 neqotia
1629 1081 1994 1137 ecclesiastica.

119 1177 404 1232 Enimvero
440 1176 832 1249 Episcoporum
859 1175 1122 1230 adunatio
1157 1193 1280 1248 quae
1310 1176 1367 1230 in
1403 1176 1577 1230 alium
1615 1177 1784 1232 finem
1817 1178 1991 1247 fieret,

120 1291 285 1347 quam
311 1274 376 1328 de
397 1271 630 1343 negotiis
655 1270 1041 1327 ecclesiasticis
1064 1272 1410 1328 deliberandi
1432 1291 1494 1328 ac
1514 1273 1870 1343 decernendi,
1898 1275 2001 1329 hoc

118 1370 236 1443 ipso
268 1388 376 1425 non
402 1375 547 1425 esset
586 1369 913 1436 concilium3
950 1371 1052 1424 hoc
1081 1370 1355 1441 siquidem
1391 1371 1638 1436 nomine,
1663 1389 1721 1427 ex
1760 1372 2000 1443 generali

121 1467 378 1540 loquendi
406 1486 536 1538 usu,
570 1485 679 1523 non
707 1467 812 1522 alia
848 1467 1181 1541 intelligitur
1203 1469 1598 1543 Episcoporum
1632 1470 2000 1542 congregatio,

122 1583 287 1638 quam
312 1584 430 1637 quae
448 1565 794 1637 negotiorum
814 1566 1312 1622 ecclesiasticorum
1335 1566 1706 1622 tractationem
1726 1584 1824 1640 pro
1843 1585 2003 1641 scopo

120 1662 297 1717 habet.
327 1662 673 1718 Derideretur
699 1681 828 1719 sane
853 1664 950 1736 qui
977 1663 1247 1720 adunatos
1276 1666 1342 1720 ad
1369 1665 1751 1738 prandendum
1786 1666 2005 1739 Episco-

119 1775 216 1831 pos
247 1759 522 1813 concilium
547 1765 780 1815 vocaret.

199 1855 252 1909 5⁰
288 1855 521 1928 Insuper
553 1856 975 1929 exprimendum
1006 1863 1087 1913 est
1112 1857 1433 1929 congregari
1459 1858 1751 1931 Episcopos
1776 1875 1886 1913 non
1919 1875 2006 1914 so-

118 1950 233 2005 lum
261 1951 326 2005 ad
353 1952 792 2024 deliberandum,
823 1955 918 2011 sed
945 1956 1108 2011 etiam
1138 1956 1205 2011 ad
1224 1956 1566 2027 judicandum
1593 1964 1641 2011 et
1664 1956 1999 2013 statuendum

37 2096 48 2098 t
120 2049 182 2103 de
207 2053 421 2119 neqotiis
447 2052 827 2108 ecclesiasticis.
859 2053 912 2107 Si
949 2054 1073 2126 quis
1095 2055 1353 2128 princeps
1385 2057 1570 2128 plures
1597 2055 1892 2129 Episcopos
1918 2071 2004 2111 ac—

117 2152 372 2217 cerseret,
416 2154 466 2202 et
503 2149 569 2203 ab
607 2168 942 2224 unoquoque
982 2151 1311 2207 sententiam
1359 2153 1539 2224 quoad
1580 2152 1802 2225 aliquod
1844 2169 2006 2224 nego-

117 2244 256 2298 tium
317 2245 750 2302 ecclesiasticum
797 2255 1074 2321 posceret,
1135 2254 1440 2304 conventus
1496 2249 1596 2303 iste
1651 2267 2003 2323 nequaquam

118 2342 413 2397 concilium
468 2345 625 2400 foret.
680 2345 823 2402 Licet
868 2347 1016 2402 enim
1058 2347 1146 2401 isti
1194 2347 1449 2420 Episcopi
1498 2346 1878 2403 adunarentur
1931 2347 1997 2402 ad

118 2439 533 2496 deliberandum
559 2442 624 2497 de
649 2444 1287 2515 negotioecclesiastiffl,
1319 2462 1429 2500 non
1460 2450 1647 2500 tamen
1683 2451 1746 2500 ut
1782 2445 1998 2519 propria

117 2538 440 2592 auctoritate
466 2538 531 2593 de
558 2540 776 2611 negotio
807 2541 902 2596 illo
923 2542 1238 2614 judicarent
1263 2543 1347 2597 vel
1376 2547 1706 2597 statuerent.

194 2635 609 2709 4⁰-Contingere
650 2644 829 2711 potest
868 2645 928 2694 ut
965 2640 1254 2712 illegitime
1295 2641 1608 2696 adunentur
1637 2641 1891 2715 Episcopi
1934 2642 1999 2697 ad

31 2756 34 2760 ·
111 2729 474 2802 judicandum
519 2750 619 2788 seu
656 2735 1008 2791 statuendum
1055 2726 1121 2792 de
1163 2737 1332 2792 rebus
1378 2737 1785 2792 ecclesiasticis.
1839 2737 2001 2792 Porro

117 2827 390 2898 ejusmodi
427 2830 787 2886 adunationes
826 2832 1151 2903 illegitimae,
1190 2851 1296 2887 non
1335 2834 1551 2888 concilia
1579 2832 1759 2887 vocari
1799 2833 1997 2898 solent,

119 2925 214 2980 sed
233 2926 525 2982 latrocinia.
550 2928 702 2984 Unde
728 2935 788 2984 ut
819 2936 967 2986 recta
994 2931 1065 2986 sit
1093 2931 1361 3002 definitio,
1393 2930 1630 3004 exprimi
1657 2931 1822 2986 etiam
1842 2931 2001 2987 debet

119 3021 359 3096 legitima
389 3025 715 3082 auctoritate
740 3027 938 3082 factam
962 3028 1379 3083 adunationem.

197 3121 250 3174 5⁰
277 3121 579 3178 Concilium
622 3123 678 3178 in
705 3142 902 3197 genere
929 3131 1071 3181 recte
1098 3126 1309 3181 definiri
1339 3131 1518 3200 potest
1541 3147 1551 3179 :
1583 3126 1836 3198 Leyitima
1875 3126 2001 3197 Epi-

120 3234 388 3289 scoporum
408 3220 678 3289 adunatio,
699 3222 1112 3292 adjudicandum
1132 3224 1210 3278 vel
1226 3224 1559 3279 statuendum
1592 3225 1654 3279 de
1670 3224 1820 3278 rebus
1841 3222 2001 3276 ecele-

122 3313 365 3367 siastici&
395 3312 652 3368 Convenit
676 3315 918 3372 definitio
957 3319 1070 3374 haec
1109 3324 1230 3375 tum
1265 3319 1645 3388 oecumenicis,
1673 3324 1789 3373 tum
1828 3317 2003 3372 natio-

124 3403 345 3466 nalibus
372 3416 423 3466 et
450 3411 880 3483 provincialibus
905 3417 1179 3487 conciliis,
1206 3423 1266 3473 ut
1289 3436 1388 3492 per
1411 3435 1468 3473 se
1490 3421 1656 3490 patet.
1686 3415 1801 3469 Non
1820 3420 2002 3470 autem

126 3507 379 3561 convenit
404 3508 727 3568 dioecesanae
745 3514 975 3588 synod0,
999 3532 1140 3588 quae,
1167 3522 1231 3572 ut
1250 3515 1515 3584 diximUS,
1544 3531 1655 3569 non
1677 3517 1758 3568 est
1784 3511 2002 3586 proprie

126 3603 444 3660 concilium.
