2340 3990
346 283 434 331 426
1009 279 1310 344 TRACTATJJS
1339 279 1407 326 DE
1437 280 1587 328 PAPA.

342 393 502 469 Papae
527 408 832 461 concurSU,
853 388 1023 447 fidem
1040 407 1310 465 supremo
1330 407 1394 447 ac
1415 391 1684 463 definitivo
1709 377 1921 464 judicio
1946 392 2264 452 decernere.

343 491 497 549 Unde
538 491 630 547 hic
673 489 843 546 etiam
889 496 1131 563 negatur
1170 488 1548 564 suppositum,
1594 489 1652 546 id
1693 495 1797 556 est,
1847 489 1997 546 istud
2038 455 2319 566 factumst}

344 590 494 663 quod
520 587 632 644 tale
657 587 964 644 concilium
993 587 1163 645 talem
1195 587 1581 644 definitionem
1609 606 1865 662 unquam
1897 588 2043 645 edat.
2248 564 2250 568 .

415 687 1158 746 PnorosmoV³.—-Generalis
1172 689 1378 745 concilii
1393 689 1627 762 definitio
1637 733 1652 760 ,
1666 707 1762 745 con
1770 698 1853 746 tra
1869 691 2266 747 instructionem

340 805 373 843 a
397 787 549 861 Papa
573 789 810 854 missam,
852 805 1126 860 nunquam
1161 805 1274 843 esse
1308 789 1509 862 poterit
1534 789 1724 860 'requla
1766 788 1913 859 fidei,
1953 789 2110 842 etiam
2135 795 2299 844 acce-'

340 886 496 943 dente
523 887 839 959 Leqatorum
862 887 1187 943 adhaesione.
1207 886 1431 941 —Nam
1457 903 1559 960 per
1577 885 1859 959 ejusmodi
1887 884 2272 942 definitionem
2308 906 2315 926 -·

337 987 526 1043 Patres
541 987 768 1044 concilii
791 987 1191 1062 aequivalenter
1208 988 1514 1062 rejicerent
1530 990 1584 1041 et
1602 1003 1900 1041 erroneam
1925 984 2272 1042 declararent
2298 995 2299 998 ’

341 1086 684 1143 contrariam
711 1087 870 1162 Papae
897 1087 1307 1154 definitionem,
1343 1086 1403 1142 in
1437 1086 1618 1161 ipsius
1645 1085 2019 1142 instructione
2049 1089 2274 1142 conten-

339 1192 478 1243 tam.
503 1187 744 1244 Proinde
767 1189 883 1261 jam
913 1189 980 1243 ab
1003 1188 1144 1262 ipsis
1168 1205 1283 1243 non
1308 1173 1707 1243 admitteretur
1727 1187 1967 1242 Romani
1989 1184 2272 1242 Pontificis

336 1287 498 1360 plena
539 1292 592 1342 et
628 1303 876 1357 suprema
905 1290 1151 1357 potestas
1186 1286 1511 1341 universam
1554 1283 1861 1340 Ecclesiam
1897 1283 2160 1351 docendi,
2191 1300 2275 1338 re·

339 1384 509 1458 gendi
538 1401 602 1439 ac
636 1382 1011 1455 gubernandi;
1044 1388 1098 1438 et
1124 1383 1268 1439 facto
1306 1400 1409 1438 suo
1444 1382 1503 1436 in
1539 1398 1861 1455 supremam
1898 1382 2055 1437 illam
2092 1388 2275 1466 potes-
2310 1386 2312 1390 “

338 1488 515 1540 tatem
560 1482 944 1555 insurgerent,
993 1482 1186 1557 sicque
1231 1482 1290 1537 in
1326 1481 1579 1538 schisma
1626 1486 1681 1538 et
1725 1480 1984 1537 haeresim
2028 1481 2275 1554 prolabe-
2314 1479 2319 1488 ’

335 1588 555 1639 rentur.
584 1582 695 1637 Nec
722 1599 817 1637 eos
844 1585 1137 1636 excusaret
1165 1579 1410 1635 adhaesio
1437 1579 1792 1651 Legatorum.
1818 1578 1956 1633 Nam
1985 1578 2175 1634 statim
2211 1595 2273 1635 ac

332 1681 518 1755 Legati
548 1681 708 1754 Papae
734 1685 928 1736 contra
964 1679 1084 1753 ejus
1114 1658 1551 1734 instructionem
1587 1683 1783 1751 agunt,
1814 1677 1993 1750 Legati
2026 1695 2149 1733 esse
2175 1675 2273 1733 de-

336 1779 551 1845 sinunt3
583 1779 866 1852 siquidem
893 1795 1010 1834 non
1037 1777 1383 1850 deputantur
1413 1774 1523 1830 nisi
1557 1779 1621 1830 ut
1642 1774 1799 1847 juxta
1835 1773 2266 1830 instructionem
2300 1798 2303 1800 ·

338 1897 460 1936 sese
498 1883 716 1952 gerant.
757 1879 953 1952 Igitur,
1002 1877 1090 1934 vel
1128 1875 1380 1932 definitio
1421 1874 1764 1949 supponitur
1794 1874 1863 1929 ah
1904 1874 2144 1929 omnibu-s
2182 1873 2265 1930 vel

335 1979 447 2050 fere
489 1980 728 2034 omnibus
770 1978 1028 2053 patribus
1062 1977 1231 2043 facta,
1278 1980 1332 2032 et
1367 1980 1504 2030 tunc
1543 1973 1922 2048 impossibilis
1961 1979 2043 2029 est
2081 1991 2268 2044 casus,

335 2094 464 2132 cuni
486 2078 814 2152 contingere
835 2094 1017 2152 neque
1033 2080 1110 2144 at,
1128 2080 1187 2131 ut
1207 2075 1321 2131 fere
1340 2091 1535 2130 omnes
1552 2072 1809 2147 Episcopi
1829 2072 1910 2128 sic
1926 2091 1954 2128 a
1971 2072 2151 2146 capite
2169 2088 2269 2128 suo

337 2193 437 2249 per
463 2178 708 2233 schisma
743 2182 796 2233 et
820 2177 1081 2232 haeresim
1102 2192 1224 2231 sese
1249 2173 1602 2236 abscindant3
1633 2173 1719 2228 vel
1749 2171 2090 2246 supponitur
2109 2190 2139 2227 a
2157 2176 2270 2226 ma÷

328 2280 437 2351 jori
473 2279 769 2335 dumtaxat
794 2297 1010 2335 numero
1041 2277 1210 2347 edita,
1240 2281 1292 2331 ct
1310 2281 1447 2331 tunc
1467 2274 1613 2331 redit
1640 2273 1911 2330 dilemma
1942 2273 2061 2328 :vel
2083 2288 2272 2328 errare

336 2381 522 2449 potest
550 2378 719 2450 major
750 2395 880 2449 pars
915 2374 1194 2450 generalis
1228 2371 1478 2438 concilii,
1517 2370 1604 2427 vel
1632 2388 1766 2426 non.
1801 2369 1855 2425 Si
1891 2369 2049 2444 prius
2079 2367 2272 2442 regula

337 2475 468 2531 fidei
501 2495 615 2532 non
634 2477 742 2532 erit
763 2477 883 2550 ejus
912 2474 1168 2532 definitio
1194 2495 1203 2527 :
1231 2473 1277 2529 si
1302 2471 1607 2547 posteriuS,
1638 2488 1801 2527 casus
1831 2469 2155 2543 contingere
2172 2485 2270 2523 ne-

339 2575 484 2647 quit,
515 2576 646 2649 quia
679 2580 895 2632 erraret
927 2575 1034 2631 sibi
1055 2574 1151 2648 jus
1175 2571 1506 2641 tribuendo,
1540 2589 1654 2626 non
1680 2575 1900 2626 tantum
1927 2569 2098 2625 fidem
2125 2568 2274 2623 abso·

338 2674 447 2731 Iute
468 2674 799 2744 definiendi,
823 2675 919 2731 sed
939 2676 1108 2731 etiam
1130 2673 1438 2729 definiendi
1458 2679 1651 2728 contra
1669 2672 1829 2743 Papae
1855 2668 2266 2724 definitionem.

413 2773 706 2829 Pnoposmo
746 2772 854 2828 Vla.
889 2805 968 2812 -
1002 2772 1254 2844 Definitio
1307 2768 1540 2834 concilii,
1590 2768 2019 2824 dissentientibus
2058 2765 2269 2836 Le9atis

337 2875 463 2947 quin
503 2881 679 2929 tamen
710 2871 1096 2946 particularem
1121 2871 1518 2940 instructionem
1548 2868 1796 2934 habeant,
1831 2885 1939 2922 non
1969 2872 2048 2922 est
2082 2864 2264 2937 requla

336 2975 481 3046 fidei.
507 3008 578 3015 —
600 2973 868 3048 Sequitur
904 2990 934 3028 a
962 2970 1184 3027 fortiori
1221 2988 1284 3026 ex
1322 2987 1386 3025 eo
1419 2967 1571 3042 quod
1609 2966 1862 3023 definitio
1901 2964 2126 3022 concilii
2156 2980 2268 3019 non

337 3074 410 3130 sit
455 3075 651 3148 regula
699 3074 831 3130 fidei
876 3079 1004 3130 ante
1049 3073 1338 3128 obtentam
1382 3067 1733 3125 Pontificiam
1781 3066 2263 3148 approbationem,

336 3173 546 3228 etiamsi
579 3171 762 3242 Leyati
796 3172 1149 3236 consentiant,
1186 3173 1252 3224 ut
1281 3171 1498 3224 constat
1527 3184 1594 3223 ex
1622 3163 2006 3240 propositione
2036 3163 2140 3219 ΙΨ.

338 3383 362 3436 g
386 3381 427 3422 2.
448 3402 503 3411 -
523 3378 628 3426 Quid
655 3377 906 3430 requiratur
936 3387 987 3416 ex
1015 3380 1136 3428 parte
1157 3374 1336 3416 Romani
1366 3371 1583 3414 Pontificis
1617 3377 1668 3413 ut
1695 3371 1861 3414 concilii
1880 3370 2126 3413 oecumenici
2148 3369 2261 3421 leges
2337 3368 2340 3422 J

873 3443 1170 3496 disciplinares
1189 3442 1275 3484 vim
1291 3441 1510 3494 obligandi
1538 3442 1741 3485 habeant.

414 3569 746 3644 Requiritur
779 3568 948 3625 etiam
982 3571 1046 3624 ut
1076 3565 1372 3623 accesserit
1406 3563 1645 3620 Romani
1677 3560 1955 3619 Pontificis
1989 3556 2232 3634 approba
2335 3625 2340 3636 ς

332 3669 436 3727 tio,
465 3669 608 3726 Nam
635 3669 929 3726 decretum
957 3665 1236 3740 generalis
1266 3663 1582 3738 disciplinae
1607 3662 1854 3720 continet
1871 3657 2143 3735 implicite
2173 3655 2280 3712 der
2332 3642 2340 3666 ¹
