2340 3990
1168 107 1241 132 l

823 266 954 314 PARS
982 264 1199 313 OCTAVA.
1767 251 1770 253 ’
1873 261 1963 309 5Ί9

146 376 306 435 Nota.
338 406 413 415 —-
437 372 864 431 Protestantium
890 369 1224 442 objectiones
1250 373 1441 424 contra
1474 370 1807 441 praesentem
1837 384 1964 440 pro·

69 473 404 552 positionem
441 470 747 528 confutatas
780 469 904 526 vide
944 467 1092 542 apud
1128 465 1528 524 Bellarminum
1556 465 1644 540 (de
1687 463 1954 533 Conciliis,

68 570 108 627 l.
142 570 182 636 Ι,
210 588 333 643 cap.
368 570 494 626 xvii.

142 667 421 722 Pnorosrno
463 665 551 720 11¹.
573 695 641 703 —
662 663 740 719 De
766 665 887 737 jure
930 662 1198 718 ordiniano
1239 661 1456 717 vocandi
1492 670 1615 718 sunt
1645 668 1698 716 et
1726 661 1815 732 jus
1843 661 1960 731 suf·

69 765 224 838 fraqii
257 764 464 818 decisivi
487 762 671 816 habent
700 760 942 832 Episcopi
968 777 1141 813 omnes
1162 758 1576 830 jurisdictionem
1611 757 1962 813 habentes—

70 859 317 916 Dicimus
354 859 418 913 de
440 860 561 930 jure
597 858 885 925 ordinarie,
922 855 990 910 ad
1030 854 1441 910 distinctionem
1475 853 1623 926 juris
1662 853 1962 909 extraordi-

0 1004 2 1018 ‚
70 958 228 1026 narii,
261 955 315 1010 id
346 961 449 1020 est,
475 973 539 1009 er
562 954 828 1027 privileyio
851 954 931 1008 vel
956 952 1326 1008 consuetudine
1351 952 1726 1022 provenientia,
1755 958 1819 1004 ex
1845 965 1963 1022 quo

0 1076 3 1108 i
73 1054 190 1110 solo
216 1052 442 1108 vocandi
470 1058 599 1107 sunt
634 1057 687 1107 et
712 1050 1039 1123 suffragium
1067 1047 1371 1104 decisivum
1405 1047 1632 1116 habent,
1678 1052 1799 1101 tum
1838 1046 1965 1102 Car-

73 1150 282 1207 dinales
306 1149 615 1223 Episcopali
645 1149 960 1203 charactere
991 1150 1264 1208 carentes,
1295 1150 1412 1198 tum
1439 1145 1667 1199 abbates
1695 1143 1960 1216 exempti,

0 1271 1 1274 ¹
71 1252 189 1303 tum
216 1247 498 1320 generales
522 1244 784 1300 ordinum
811 1241 1202 1314 religiosorum
1232 1240 1571 1312 superiores,
1602 1238 1847 1293 Dicimus
1878 1239 1963 1292 in-

0 1399 1 1402 ,
75 1363 263 1418 super,
310 1366 335 1396 α
360 1342 607 1416 Episcopi
633 1359 827 1396 omnes
858 1339 1270 1412 jurisdictionem
1302 1340 1565 1402 habentes,
1595 1359 1621 1386 »
1670 1336 1738 1391 ad
1765 1336 1960 1392 distin-

75 1441 312 1496 ctionem
355 1438 749 1511 Episcoporum
789 1438 837 1489 in,
875 1436 1131 1506 partitum,
1178 1433 1272 1505 qui
1313 1432 1702 1505 jurisdictione
1745 1437 1957 1487 carent.

0 1521 4 1547 ³
74 1536 188 1599 Quo
215 1539 535 1606 praenotato,
571 1533 835 1605 probatur
857 1530 1029 1585 thesis
1055 1529 1416 1602 sequentihus
1442 1528 1751 1584 rationibus
1776 1548 1787 1582 :

150 1630 204 1684 1⁰
243 1630 374 1684 Jure
418 1629 646 1685 vocandi
693 1635 822 1683 sunt
862 1628 927 1682 ad
970 1626 1271 1682 concilium
1309 1626 1584 1699 generale,
1637 1626 1732 1698 qui
1774 1625 1960 1680 Eccle-

0 1756 4 1767 ·
74 1728 213 1785 siam
243 1734 463 1800 regunt,
510 1732 931 1801 repraesentant,
965 1743 1029 1780 ac
1069 1725 1485 1801 tractandarum
1529 1741 1825 1779 causarum
1867 1742 1963 1797 po-

0 1847 3 1871 ÷
74 1829 325 1880 testatem
365 1844 462 1880 seu
502 1824 949 1896 jurisdictionem
987 1824 1212 1878 liabent.
1253 1823 1390 1876 Nam
1435 1822 1492 1876 in
1533 1821 1784 1876 conciliis
1832 1821 1966 1876 defi-

0 1943 3 1999 3
76 1924 311 1980 niuntur
330 1925 601 1996 dogmata,
623 1925 1066 1979 condemnantur
1084 1923 1341 1986 haereseS,
1364 1926 1685 1976 statuuntur
1705 1937 1963 1990 canoneS,

0 2064 1 2090 2
75 2020 359 2094 disciplina
395 2000 733 2075 reformatur
759 2037 857 2092 pro
882 2020 1138 2075 universa
1163 2018 1424 2082 Ecclesia,
1455 2017 1810 2073 ecclesiarum
1834 2017 1961 2089 jura

0 2102 3 2171 ζ
77 2135 288 2174 necnon
311 2118 705 2191 Episcoporum
734 2117 1122 2173 controversia}
1161 2115 1511 2180 deciduntur,
1545 2116 1882 2171 damnantur
1914 2123 1967 2170 et

0 2212 2 2226 ³
77 2216 437 2274 absolvuntur
467 2218 569 2286 rei,
600 2217 924 2289 infliguntur
956 2232 1148 2289 poenae.
1171 2215 1292 2269 Haec
1325 2232 1453 2269 vero
1480 2215 1548 2269 ad
1574 2232 1663 2269 eos
1689 2214 1969 2287 pertinent

0 2368 4 2381 ,
77 2310 170 2383 qui
206 2311 497 2366 Ecclesiam
538 2316 739 2383 regunt
787 2330 850 2366 ac
884 2316 1304 2383 repraesentant,
1342 2310 1663 2384 pollentque
1704 2307 1972 2380 jurisdic-

0 2398 2 2401 ’
75 2410 220 2465 tione
247 2410 302 2463 in
330 2410 442 2464 foro
477 2415 719 2464 externe.
759 2409 936 2488 Igitur
963 2409 1028 2463 ad
1061 2408 1360 2463 concilium
1396 2407 1579 2463 vocari
1612 2406 1832 2462 debent.
1865 2404 1973 2460 Sed

74 2504 164 2563 isti
190 2524 297 2562 non
319 2506 413 2561 alii
441 2512 569 2562 sunt.
593 2524 756 2579 quam
777 2506 1024 2579 Episcopi
1051 2505 1499 2578 jurisdictionem
1528 2505 1818 2559 habentes
1853 2503 1974 2557 Ete-

7 2606 17 2659 J
75 2602 192 2659 nim
221 2622 248 2658 a
290 2604 495 2677 Spiritu
522 2611 708 2659 sancto
739 2603 906 2676 positi
941 2610 1069 2658 sunt
1091 2602 1345 2676 Episcopi
1369 2620 1546 2673 reqere.
1569 2601 1852 2656 Ecclesiam
1875 2599 1972 2654 Dei

78 2702 332 2772 (Actuum
357 2721 441 2768 xx,
468 2720 518 2756 v.
553 2702 668 2771 28).
700 2701 781 2766 Et,
813 2719 876 2756 ex
903 2700 1047 2756 dicto
1077 2700 1332 2773 Cypriani
1366 2700 1548 2772 (epist.
1585 2700 1704 2762 69),
1734 2699 1966 2752 Ecclesia

10 2815 16 2819 ’
75 2803 152 2853 est
176 2797 228 2849 in
257 2795 533 2866 Epi-scope,
561 2794 768 2849 scilicet
786 2795 967 2866 quoad
994 2793 1535 2864 repraesentationem
1560 2798 1613 2846 et
1627 2790 1969 2862 jurisdictio-

10 2874 17 2925 Ῑ
74 2908 221 2949 nem.
255 2892 316 2946 Et
342 2891 611 2964 Apostolis
644 2908 949 2962 eorumque
975 2889 1391 2945 successoribus
1415 2887 1697 2961 Episcopis
1720 2887 1956 2943 contulit

12 3011 17 3021 ⁴
76 2988 322 3047 Christus
348 2988 554 3061 ligandi
582 2987 936 3060 solvendique
970 2992 1313 3059 potestatem.

148 3089 202 3144 2⁰
227 3088 390 3142 Usum
424 3105 453 3142 a
481 3087 678 3160 primis
700 3086 954 3141 Ecclesiae
980 3086 1199 3141 saeculis
1226 3084 1484 3158 viguisse,
1515 3089 1574 3139 ut
1601 3082 1873 3156 Episcopi,
1903 3087 1957 3138 et

77 3182 299 3256 quidem
328 3184 453 3252 soli,
482 3183 539 3239 in
571 3183 821 3240 conciliis
849 3183 1203 3239 convenirent
1229 3201 1290 3238 ac
1311 3181 1643 3255 judicarent,
1678 3186 1958 3235 testantur

78 3276 192 3336 haec
229 3279 447 3336 Eusebii
485 3279 645 3334 verba
672 3300 683 3332 :
726 3280 796 3336 Ob
823 3298 976 3352 qiiam
1011 3298 1220 3336 causam
1266 3279 1344 3352 (id
1376 3284 1459 3335 est
1490 3280 1560 3334 ob
1593 3274 1953 3348 quaestionem

78 3367 354 3432 Pascliatis
383 3376 486 3433 sub
514 3376 727 3432 Victore
751 3378 910 3451 Papa)
951 3386 1228 3434 conventus
1254 3378 1625 3450 Episcopormn
1652 3381 1701 3428 et
1732 3371 1950 3427 concilia

73 3490 170 3547 per
207 3474 436 3545 sinyulas
474 3492 698 3546 quasque
726 3478 1016 3547 provincias
1055 3484 1404 3532 convocantur
1448 3473 1567 3542 (lib.
1603 3472 1660 3541 V,
1703 3487 1752 3524 c.
1789 3466 1951 3538 xxiii).

76 3568 225 3628 Idem
252 3577 522 3628 testantur
547 3572 893 3645 reliquorum
920 3573 1283 3630 conciliorum
1309 3578 1447 3638 acta,
1486 3568 1762 3643 siquidem
1785 3583 1851 3622 ex
1874 3564 1954 3621 eis
2028 3644 2034 3651 ι
