2352 4126
278 322 339 368 48
950 317 1250 367 TRACTATUS
1282 317 1348 364 DE
1380 317 1528 366 ΡΑΡΑ.

277 434 332 486 et
365 430 755 506 principaliter
792 429 861 486 ad
889 427 1232 504 spiritualia;
1262 427 1598 493 ,secundario
1628 447 1756 487 vero
1785 437 1838 489 et
1866 451 1968 510 per
1994 451 2194 509 quam-

276 529 407 586 dam
444 530 906 604 consequentiam
947 544 1006 583 se
1047 527 1296 584 extendit
1333 528 1403 584 ad
1435 528 1684 587 actiones
1722 531 2016 591 hominum
2045 536 2190 593 circa

273 630 603 705 temporalia
622 646 745 703 quae
760 627 1089 684 ordinantur
1112 627 1181 683 ad
1207 626 1525 703 spiritualia
1553 637 1819 704 tanquam
1840 633 1911 689 ad
1934 632 2129 692 finem.
2160 658 2189 688 »

277 727 538 803 (Citatum
582 746 614 782 a
643 724 1007 792 Bellarmin0‚
1047 725 1264 800 praefat.
1304 728 1359 783 in
1394 726 1719 801 Barclaium,
1755 749 1882 805 pag.
1915 751 1984 803 VI,
2017 731 2181 790 initio

271 828 408 884 tomi
434 828 477 898 Ι,
505 826 640 882 edit.
671 824 974 880 Mediolani
1005 825 1197 899 1721.)

345 923 474 980 VIII.
522 922 713 979 Petrus
745 921 1098 980 BertranduS.
1129 957 1206 965 —
1229 924 1289 980 In
1313 923 1679 984 Universitate
1709 927 2009 986 Parisiensi
2041 929 2193 1003 juris

266 1020 522 1078 canonici
559 1021 865 1095 professor,
898 1028 1094 1096 postea
1131 1030 1353 1080 creatus
1384 1024 1746 1083 Nivernensis
1775 1027 2102 1103 Episcopus,
2132 1034 2188 1085 et

266 1121 518 1190 demum,
564 1139 713 1177 anno
749 1121 920 1192 1549,
950 1122 1309 1179 Cardinalitia
1340 1124 1608 1198 dignitate
1637 1125 1962 1200 insignitus.
2001 1129 2074 1200 Is,
2106 1134 2188 1185 to-

261 1220 375 1277 tius
403 1220 669 1277 Gallicani
687 1220 1054 1296 Episcopatus
1084 1222 1336 1294 nomine,
1374 1241 1563 1280 coram
1592 1242 1722 1299 rege
1747 1226 2000 1303 Philippo
2029 1228 2186 1284 Vale-

262 1317 367 1385 sio,
405 1318 464 1373 in
498 1318 723 1393 publico
752 1337 1061 1392 congressu
1095 1319 1402 1377 confutavit
1449 1321 1924 1394 jurisconsultum
1955 1321 2183 1378 Petrum

261 1418 329 1475 de
361 1417 647 1492 CuniereS‚
689 1419 789 1492 qui
829 1419 1068 1492 negabat
1112 1419 1567 1494 jurisdictionem
1610 1422 2046 1479 ecclesiasticam
2092 1439 2185 1477 ex-

259 1517 412 1574 tendi
450 1518 519 1574 ad
551 1518 906 1593 temporalia.
946 1519 1117 1593 Cujus
1152 1521 1501 1592 argumentis
1534 1522 1648 1578 Rex
1678 1521 1843 1596 plene
1865 1521 2179 1593 convictuS,

259 1635 360 1673 sua
388 1616 668 1691 Episcopis
686 1616 814 1690 jura
853 1621 1000 1673 sarta
1028 1622 1174 1674 tecta
1199 1618 1456 1689 servavit,
1487 1624 1540 1674 et
1567 1618 1960 1692 jurisconsulti
1986 1620 2053 1675 de
2078 1618 2183 1675 Cu-

256 1716 439 1774 nieres
464 1716 745 1792 postulata
774 1717 989 1791 rejecit.
1016 1716 1219 1774 Notatu
1244 1717 1526 1792 praecipue
1552 1717 1721 1792 digna
1745 1720 1862 1775 haec
1886 1718 2030 1776 Petri
2055 1718 2182 1776 Ber-

254 1818 443 1874 trandi
474 1818 678 1874 verba:

335 1918 484 1974 «Per
515 1916 652 1974 duos
690 1917 906 1991 gladios
951 1917 1350 1992 intelliguntur
1374 1917 1656 1991 praedictae
1687 1918 1809 1974 duae
1844 1923 2175 1993 potestates

252 2016 355 2073 Sed
390 2017 644 2073 Christus
673 2017 849 2073 volui-t
878 2035 1000 2072 esse
1034 2016 1162 2072 illos
1197 2015 1338 2072 duos
1375 2033 1547 2090 penes
1583 2016 1924 2084 Ecclesiam;
1965 2035 2096 2091 ergo
2124 2024 2177 2074 et

250 2122 554 2191 utramque
591 2122 946 2191 potestatem.
989 2116 1093 2173 Sed
1135 2116 1290 2173 dices
1331 2116 1484 2190 quod
1526 2116 1783 2172 Christus
1815 2117 2177 2191 reprehendit

247 2216 473 2272 Petrum
508 2217 639 2289 quia
681 2216 963 2290 percussit
1001 2215 1187 2289 gladio
1225 2215 1521 2289 temporali
1563 2215 1908 2289 amputando
1948 2217 2177 2273 auricu-

250 2314 438 2372 lam...
470 2315 573 2372 Sed
595 2317 699 2371 hoc
721 2333 835 2371 non
860 2315 1028 2370 valet.
1066 2314 1324 2371 Christus
1346 2314 1497 2370 enim
1529 2333 1643 2370 non
1671 2315 1808 2370 dixit
1835 2316 1994 2373 Petro
2025 2318 2173 2392 quod

251 2416 551 2491 expelleret
583 2432 613 2469 a
639 2432 697 2469 se
725 2415 896 2470 talem
921 2412 1195 2486 gladium,
1229 2413 1326 2469 sed
1356 2419 1654 2487 reponeret
1680 2413 1739 2469 in
1768 2414 2051 2489 vaginam,
2075 2434 2174 2490 pe-

249 2533 348 2570 nes
377 2531 437 2570 se
474 2513 807 2569 servandum
843 2512 902 2565 in
929 2511 1130 2584 vagina
1163 2532 1174 2565 τ
1202 2516 1265 2567 ut
1291 2511 1447 2567 daret
1485 2511 1726 2586 intelligi
1750 2515 1899 2587 quod
1920 2515 2047 2571 talis
2075 2535 2173 2591 po-

246 2618 416 2670 testas
446 2612 550 2669 etsi
579 2611 651 2668 sit
677 2628 844 2685 penes
867 2609 1194 2680 Ecclesiam,
1221 2614 1413 2666 tamen
1445 2610 1565 2684 ejus
1600 2611 1933 2668 exercitium
1962 2614 2162 2688 (quan-

245 2715 367 2766 tum
402 2709 471 2766 ad
506 2727 734 2767 causam
773 2708 1086 2782 sanguinis)
1132 2707 1191 2763 in
1233 2726 1373 2765 nova
1418 2709 1541 2780 lege
1576 2710 1693 2765 vult
1732 2728 1852 2766 esse
1887 2711 1950 2766 in
1989 2729 2164 2770 manu

239 2808 453 2882 judicis
477 2809 691 2866 laicalis
715 2831 726 2863 :
749 2809 1065 2865 secundum
1093 2812 1298 2864 nutum
1323 2826 1452 2865 vero
1479 2814 1533 2865 et
1563 2809 1862 2884 imperium
1892 2827 2063 2885 penes
2088 2831 2172 2869 sa-

244 2909 546 2966 cerdotem.
570 2930 598 2962 »
626 2907 989 2977 (Bertrandus
1011 2906 1316 2963 Cardinalis
1334 2912 1524 2964 contra
1543 2909 1856 2966 Petrum‘de
1875 2908 2166 2984 C‘ugneriis

243 3025 346 3081 pro
370 3006 743 3063 ecclesiastica
778 3004 1061 3072 libertate,
1093 3010 1199 3061 act.
1223 3005 1267 3062 Ι.
1291 3006 1673 3080 —Epitomen
1700 3007 1963 3064 Biblioth.
1995 3007 2162 3063 Maxi-

244 3121 349 3160 mae
376 3103 765 3176 Lugdunensis
794 3102 850 3158 S.
884 3102 1132 3174 Panum,
1163 3107 1205 3158 t.
1238 3103 1283 3172 Ι,
1311 3122 1368 3177 p
1400 3104 1534 3161 452.
1570 3104 1713 3160 Edit.
1750 3101 2010 3178 Augustae
2015 3103 2163 3160 -Vin-

245 3202 554 3260 delicorum
584 3203 777 3273 1719.)

324 3320 353 3352 «
362 3299 633 3356 Potestas
663 3299 976 3375 spiritualis
1004 3300 1165 3357 debet
1203 3298 1482 3356 dominari
1515 3298 1671 3355 omni
1711 3299 1972 3355 humanae
2005 3316 2161 3356 crea-

243 3405 385 3456 turae
405 3423 415 3467 ;
439 3403 494 3455 et
507 3399 982 3474 quemadmodum
996 3400 1024 3455 J
1030 3418 1162 3456 esus
1181 3399 1431 3456 Christus
1444 3398 1581 3455 dum
1598 3398 1704 3455 fuit
1723 3400 1778 3455 in
1794 3399 1900 3456 hoc
1918 3400 2156 3465 munde,

247 3502 301 3553 et
325 3497 495 3555 etiam
518 3498 588 3554 ab
613 3502 820 3554 aeterno
847 3498 1122 3554 naturalis
1145 3497 1413 3554 Dominus
1432 3496 1560 3569 fuit,
1596 3499 1742 3555 etde
1760 3500 1887 3572 jure
1913 3499 2157 3555 naturali

246 3596 305 3651 in
337 3596 702 3672 imperatores
733 3603 788 3654 et
818 3615 1204 3671 quoscumque
1230 3597 1367 3653 alios
1391 3596 1754 3672 depositionis
1775 3603 1830 3654 et
1848 3597 2160 3654 damnatio-

246 3693 338 3750 nis
380 3695 686 3752 sententias
722 3695 868 3752 ferre
903 3693 1192 3769 poluisset,
1238 3694 1313 3750 ita
1343 3694 1537 3752 eadem
1583 3695 1800 3752 ratione
1839 3696 1964 3771 ejus
1997 3694 2155 3751 Vica-
