2340 3990
416 276 502 322 566
883 313 892 321 .
1091 265 1389 312 TRACTATUS
1421 265 1487 311 DE
1519 265 1644 312 ΡΑΡΑ
1656 302 1667 312 .

413 384 536 442 ficis
570 382 915 442 interventu,
957 372 1037 430 sic
1068 372 1257 436 addit:
1290 372 1409 429 Etsi
1441 374 1608 428 canon
1651 372 2030 434 ecclesiasticus
2059 371 2331 457 prohibeat

412 501 480 538 ne
507 484 706 554 praeter
739 472 965 528 Romani
1006 469 1252 544 Episcopi
1271 473 1588 527 sententiam
1613 470 1862 528 Ecclesiae
1892 480 2132 534 statuant
2165 489 2330 552 (καίωῑ

413 584 611 640 κανόνος
627 578 1024 642 ἐκκλησιαστικοῦ
1050 575 1357 637 κελέυοντος,
1385 576 1451 642 μὴ
1478 576 1578 627 δεῖν
1603 594 1732 645 παρα
1754 579 1949 643 γνώμην
1973 583 2054 631 τοῦ
2081 580 2327 645 ἐπισκόπου

411 681 586 743 Ρώμης
621 694 706 735 τας
743 674 1007 738 ἐκκλησίας
1036 666 1343 739 κανενίξειν).
1376 667 1442 724 Et
1472 667 1654 742 capite
1691 670 2029 743 praecedenti
2064 671 2329 750 allegatus

409 769 692 846 reperitur
718 767 917 823 iisdem
936 766 1054 822 fere
1079 765 1342 822 terminis
1373 765 1524 822 idem
1551 784 1731 824 canon
1755 767 2192 840 ecclesiasticus,
2217 779 2330 838 tan».-

408 889 578 948 quam
606 869 742 944 quid
769 866 1156 924 certissimum
1190 870 1244 921 et
1275 865 1420 939 apud
1446 866 1751 924 catholicos
1777 873 1932 924 extra
1960 887 2188 928 omnem
2209 892 2329 943 conf-

407 969 743 1029 troversiam
779 965 1294 1043 positum—Item
1331 964 1663 1022 Sozomenes
1699 966 1820 1041 (lib.
1854 968 1941 1036 III,
1971 987 2094 1045 cap.
2132 972 2183 1046 x)
2210 944 2327 1033 nar}

407 1075 493 1127 rat
518 1087 549 1125 a
583 1058 773 1125 sancto
812 1064 960 1120 Julio
982 1064 1003 1119 I
1029 1062 1434 1137 exprobratum
1471 1063 1822 1136 EusebianiS,
1862 1067 2010 1139 quod
2046 1067 2231 1143 ipsum
2265 1072 2327 1132 ad

407 1187 575 1226 suum
611 1165 917 1224 concilium
952 1181 1062 1219 non
1101 1162 1449 1228 invitassent,
1497 1169 1549 1218 et
1585 1163 1730 1220 hanc
1771 1164 1840 1220 ab
1884 1164 2007 1239 ipso
2043 1166 2326 1242 allegatam

407 1271 684 1327 rationem
708 1291 719 1323 :
752 1268 847 1323 Est
874 1268 1065 1338 quippe
1092 1265 1176 1319 lea:
1203 1282 1358 1319 sacra
1375 1282 1477 1336 pro
1506 1265 1668 1320 millis
1692 1267 1932 1322 habenda
1955 1286 2067 1324 esse
2090 1287 2329 1341 quaecum-

406 1388 504 1444 que
532 1376 677 1441 qesta
705 1366 906 1436 suerint
940 1369 1143 1435 praete-r
1176 1363 1495 1416 sententiam
1531 1365 1764 1436 episcopi
1803 1365 2164 1424 Romanorum
2200 1362 2328 1442 (³in

405 1475 498 1542 γὰρ
527 1474 671 1537 νόμον
700 1469 934 1538 ispa-,mov
965 1466 1118 1534 ἄκυρα
1147 1465 1418 1531 ἀποφαίνειν
1455 1466 1515 1515 τὰ
1542 1466 1673 1534 παρὰ
1704 1469 1898 1534 γνώμην
1927 1472 2228 1538 πραττόμενα
2255 1454 2328 1526 τοὺ

405 1577 620 1638 Ρωμαων
641 1559 1100 1635 ἐπισκόπου).-1)6
1120 1559 1214 1614 illa
1228 1559 1348 1632 lege
1367 1559 1714 1617 mentionem
1734 1561 1902 1618 etiam
1921 1564 2171 1638 reperies
2189 1566 2326 1642 apud

407 1666 787 1740 Nicephorum
811 1661 932 1735 (lib.
948 1659 1033 1731 IX,
1052 1677 1174 1732 cap.
1194 1658 1242 1732 v)
1257 1658 1585 1715 .—Notetur
1606 1664 1796 1716 autem
1811 1662 1975 1718 verba
1994 1663 2130 1731 brec,
2156 1670 2221 1738 μὴ
2237 1672 2313 1724 δεῖ·

410 1771 673 1834 ἐκκλησίας
699 1763 981 1832 κανοκίξειν,
1011 1759 1161 1815 idem
1194 1759 1343 1832 apud
1371 1777 1582 1831 graecos
1609 1760 1971 1833 significasse,
2002 1764 2150 1837 quod
2173 1764 2326 1830 latini

407 1868 510 1923 hac
547 1864 793 1921 formula
829 1859 1248 1935 exprimebant,
1290 1878 1397 1915 non
1426 1877 1585 1932 posse
1616 1862 1836 1917 concilia
1868 1864 2137 1919 celebrari.
2180 1865 2326 1929 Quod

407 1970 558 2041 patet
597 1982 662 2020 ex
695 1961 860 2017 modo
896 1978 1008 2033 quo
1041 1958 1409 2033 reprehensos
1445 1978 1474 2015 a
1508 1958 1655 2015 Julio
1689 1961 1708 2014 Ι
1743 1960 2084 2019 Eusebianos
2116 1967 2328 2022 enarrat

405 2064 682 2133 Socrates.
703 2057 1079 2133 Reprehendit
1102 2075 1301 2131 nempe
1322 2056 1600 2123 Pontifex,
1628 2059 1775 2132 quod
1800 2060 2101 2117 concilium
2123 2062 2325 2136 absque

404 2163 585 2238 ipsius
611 2177 847 2218 assensu
875 2157 1272 2222 celebrassent3
1303 2162 1472 2230 atque
1506 2163 1570 2213 ut
1592 2156 1789 2232 probet
1819 2158 1874 2214 id
1900 2178 2194 2234 perperam
2223 2161 2326 2218 fae*

403 2273 545 2332 tum,
577 2263 807 2322 adducit
831 2279 1127 2332 canonem,
1152 2267 1351 2334 praeter
1378 2261 1696 2316 sententiam
1720 2260 1945 2317 Romani
1972 2261 2241 2334 Episcopi,
2264 2262 2327 2333 μὴ

403 2370 498 2421 δεῖν
541 2370 803 2433 ἐκκλησιας
844 2363 1127 2427 κανονιξειν.
1169 2359 1338 2415 Porro
1381 2356 1491 2412 nisi
1542 2374 1740 2414 sensus
1774 2357 1941 2428 foret,
1978 2358 2191 2432 absque
2230 2359 2327 2415 Βοὲ-

404 2462 556 2517 mani
583 2461 868 2518 Ponticifis
895 2460 1222 2517 auctoritate
1248 2458 1499 2514 celebrari
1526 2457 1751 2528 leyitimc
1777 2475 1883 2512 uon
1905 2475 2064 2530 posse
2088 2458 2322 2524 concilia,

403 2561 764 2616 ratiocinium
790 2560 921 2616 Julii
963 2559 1199 2616 stultum
1235 2564 1405 2623 esset,
1439 2560 1606 2630 prout
1633 2553 1918 2613 'adnotavit
1958 2556 2325 2613 Bellarminus

408 2660 495 2732 (cle
526 2659 792 2725 Coiiciliis,
828 2660 868 2712 l.
899 2658 940 2725 I,
977 2676 1025 2712 c.
1060 2658 1179 2729 x11).
1215 2657 1485 2711 Praeterea
1519 2661 1785 2728 perpetuo
1824 2655 1998 2727 viguit
2034 2657 2181 2729 apud
2214 2654 2326 2712 lati-

403 2777 505 2814 nos
530 2759 725 2814 eadem
756 2759 847 2812 lex
885 2754 1287 2820 ecclesiastica,
1316 2752 1567 2810 subistis
1598 2758 1694 2808 aut
1724 2753 2188 2826 aequivalentibus
2217 2760 2317 2811 ter-

404 2858 576 2915 minis
617 2880 627 2911 :
674 2858 800 2914 Sine
841 2858 1155 2912 auctoritate
1199 2854 1424 2910 Romani
1475 2853 1722 2925 Episcopi
1756 2870 1865 2908 non
1906 2872 2065 2926 posse
2113 2834 2320 2911 concilia

404 2959 674 3027 celebrari,
699 2967 866 3032 prout
893 2959 1113 3012 constat
1136 2972 1262 3009 mox
1287 2951 1634 3008 adducendis
1656 2951 1923 3008 textibus.
1959 2951 2133 3025 Igitur
2153 2951 2320 3027 viguit

402 3075 590 3113 revera
619 3057 764 3112 dicta
793 3057 882 3112 lex
909 3060 962 3111 et
987 3052 1300 3129 persuasio,
1338 3051 1395 3106 in
1423 3056 1536 3106 tota
1566 3055 1716 3106 retro
1745 3051 2096 3125 antiquitate.
2287 3034 2295 3038 ”

474 3155 747 3210 Probatur
763 3155 818 3210 2⁰
843 3175 854 3209 :
876 3155 1259 3210 Romanorum
1276 3149 1618 3206 Pontificum
1638 3149 1795 3224 praxi
1815 3155 1869 3205 et
1892 3150 2327 3208 auctoritate—³.

399 3255 503 3311 Leo
522 3254 606 3321 IX,
638 3253 1040 3310 constitutione
1068 3253 1195 3309 Cum
1223 3268 1288 3306 ex
1311 3269 1368 3306 eo
1391 3271 1407 3302 .·
1430 3249 1613 3304 «Nolo
1639 3267 1735 3304 vos
1761 3248 1954 3320 lateat,
1985 3268 2096 3306 non
2125 3250 2321 3307 debere

401 3358 604 3428 praeter
652 3350 986 3408 sententiam
1038 3347 1272 3404 Romani
1328 3346 1609 3403 Pontificis
1651 3347 1975 3405 universale
2018 3349 2312 3405 concilium

401 3451 694 3509 celebrari.
722 3472 749 3503 »
778 3483 846 3492 —
867 3448 996 3504 Pius
1017 3448 1060 3502 ΙΙ
1092 3445 1492 3502 constitutione
1518 3448 1573 3502 in
1605 3448 1894 3502 minoribus
1918 3468 1932 3500 :
1967 3467 1995 3500 «
2019 3447 2167 3503 Inter
2191 3462 2316 3502 con-

401 3551 530 3609 cilia
565 3551 788 3607 nullum
828 3547 1147 3605 invenimus
1183 3563 1434 3620 unquam
1476 3546 1651 3603 fuisse
1689 3551 1906 3613 ratum,
1958 3546 2105 3619 quod
2142 3546 2322 3602 stante

393 3653 649 3710 Romano
690 3650 1005 3707 indubitato
1037 3645 1326 3717 Pontifice‚
1368 3646 1579 3720 absque
1621 3645 1800 3721 ipsius
1838 3644 2162 3701 auctoritate
2193 3657 2322 3701 con·
