2340 3990
856 243 985 291 PARS
1024 218 1239 290 oc'rtvt.
1903 245 1991 292 559

181 347 474 404 Pnorosmo
498 346 714 402 vl1÷.—
732 347 1013 405 Concilium
1030 349 1391 404 oecicmcnicum
1412 364 1518 403 non
1541 353 1619 403 est
1642 352 1992 407 necessarium

57 444 68 455 '
116 453 175 501 ut
208 447 396 501 abusus
422 454 472 501 et
496 448 623 502 vitia
641 447 1036 519 proscribantur
1062 448 1372 502 auctoritate
1387 445 1568 518 plena,
1594 462 1687 500 seu
1710 462 1811 517 qua
1826 447 1996 518 major

36 559 48 567 ·
109 562 223 599 esse
258 552 498 616 nequeat.
535 576 603 584 —
566 526 762 598 'Nam
805 543 1024 599 concilii
1057 542 1389 599 oecumenici
1425 541 1718 598 auctoritas
1761 561 1872 600 non
1910 549 1996 600 est

116 640 387 695 intensive
413 639 591 712 major
626 638 944 696 auctoritate
978 640 1260 696 Pontificis
1291 644 1441 695 extra
1477 639 1776 696 concilium
1808 642 1992 707 decer-

115 734 319 806 nentis,
359 739 524 807 prout
559 733 679 789 fuse
722 739 876 808 parte
919 735 1077 791 tertia
1114 735 1486 808 probavimus,
1532 737 1669 809 Ergo
1710 736 1994 793 decretum

110 830 516 886 reformationis
540 848 568 885 a
602 831 741 905 Papa
768 833 1182 906 promulgatum
1212 833 1410 889 nititur
1445 834 1791 905 auctoritate,
1826 850 1992 907 quam

114 928 410 985 concilium
451 930 853 985 oecumenicum
911 931 1175 1002 majorem
1228 931 1456 987 reddere
1502 931 1717 1004 nequit.
1761 931 1998 987 Aliunde

112 1032 297 1080 autem
327 1026 479 1099 Papae
519 1032 758 1100 potestas
791 1026 850 1080 in
890 1026 1128 1099 regenda
1167 1027 1410 1082 Ecclesia
1444 1033 1525 1082 est
1548 1028 1729 1099 plena,
1759 1033 1829 1104 ⁴ut
1864 1027 1997 1083 defi-

120 1123 255 1177 nivit
295 1122 606 1178 Florentino
641 1122 899 1195 synodus,
943 1139 1156 1176 necnon
1184 1140 1450 1193 suprema,
1494 1128 1556 1176 ut
1597 1123 1753 1176 illam
1786 1123 1999 1179 vocavit

116 1219 408 1275 concilium
447 1218 845 1273 Tridentinum.
886 1217 1046 1289 ErgO,
1083 1223 1144 1272 ut
1179 1217 1595 1290 proscribantur
1622 1202 1832 1273 abusus
1865 1237 1995 1274 cum

118 1317 439 1373 auctoritate
471 1316 652 1388 plena,
687 1333 785 1371 seu
812 1333 1093 1388 suprema,
1126 1333 1226 1370 seu
1261 1333 1366 1387 qua
1407 1317 1582 1387 major
1621 1315 1740 1370 dari
1779 1315 1992 1387 nequit,

114 1412 489 1466 necessarium
515 1430 623 1466 non
650 1420 733 1467 est
754 1412 1048 1467 concilium
1078 1411 1500 1467 oecumenicum.

183 1509 463 1563 Pnorosmo
490 1508 722 1563 t'111⁸.-
743 1509 973 1564 Concilio
1000 1509 1307 1565 oecumenica
1331 1527 1436 1564 non
1460 1517 1582 1564 sunt
1604 1512 1896 1564 neccssaria
1927 1511 1996 1564 od

119 1607 210 1659 hoc
238 1614 294 1658 ut
330 1606 558 1660 Ecclesia
586 1608 853 1675 subsistat,
877 1625 966 1662 scu
1001 1625 1105 1662 non
1140 1615 1341 1680 percat.
1367 1640 1440 1647 -
1465 1607 1542 1662 Ab
1569 1613 1694 1662 actu
1729 1607 1796 1661 ad
1838 1625 1995 1680 posse

112 1702 252 1757 valet
277 1703 610 1758 consecutio.
633 1704 796 1776 Atqui
823 1722 920 1777 per
947 1704 1047 1759 tria
1075 1704 1252 1777 prima
1280 1703 1480 1759 saecula
1506 1705 1730 1758 nullum
1754 1704 1995 1759 celebra-

115 1804 234 1855 tum
277 1806 358 1855 est
406 1801 704 1856 concilium
748 1802 1183 1867 oecumenicum;
1229 1807 1282 1857 et
1318 1802 1565 1874 quamvis
1609 1820 1671 1856 eo
1726 1802 1992 1874 temporis

109 1902 289 1952 tractu
321 1904 684 1970 conquassata
707 1898 875 1954 fuerit
895 1899 1131 1954 Ecclesia
1168 1899 1361 1953 multis
1394 1898 1700 1953 haeresibus
1733 1916 1795 1952 ac
1823 1897 1994 1952 schis-

115 1994 374 2059 matibus,
413 1994 678 2050 abusibus
716 1999 768 2050 et
807 1995 1212 2061 x·itiis·1nultis,
1254 2013 1364 2050 non
1405 2000 1590 2051 tamen
1628 1994 1810 2067 periit.
1856 1994 1992 2050 Item

108 2091 371 2164 deinceps
402 2109 501 2164 per
538 2109 736 2164 magna
761 2093 1025 2165 temporis
1065 2093 1240 2166 spatia
1273 2092 1577 2147 subsistere
1601 2091 1781 2164 potuit
1809 2091 1993 2146 Eccle-

53 2207 56 2210 ’
111 2189 189 2244 sia
226 2189 346 2244 sine
390 2190 622 2245 concilio
662 2191 1020 2260 oecumenicO,
1068 2191 1343 2263 siquidem
1386 2208 1496 2246 non
1538 2190 1646 2245 nisi
1691 2189 1994 2245 octodecim

111 2287 375 2342 hactenus
417 2288 693 2343 celebrata
725 2294 854 2344 sunt
897 2288 1129 2344 concilia
1164 2288 1502 2343 oecumenica
1532 2309 1542 2340 z
1585 2305 1735 2360 ergo,
1763 2319 1831 2328 -
1855 2288 1995 2342 Prae-

113 2387 259 2438 terea
295 2384 438 2439 dicta
472 2385 770 2441 necessitas
795 2391 1268 2461 propugnaretur,
1295 2386 1380 2441 vel
1407 2374 1469 2441 eo
1497 2403 1664 2441 sensu
1692 2386 1838 2457 quod
1867 2402 1995 2440 con-

113 2479 304 2534 cilium
334 2482 736 2538 oecumenicum
764 2483 984 2538 deberet
1014 2501 1133 2539 esse
1169 2500 1523 2556 permanens,
1554 2483 1626 2537 ita
1653 2488 1714 2537 ut
1744 2483 1996 2538 desinere

114 2594 207 2632 seu
236 2578 563 2652 interrumpi
600 2598 707 2635 non
746 2585 927 2653 posset
952 2580 1089 2653 quin
1116 2580 1300 2636 statim
1335 2581 1571 2636 Ecclesia
1608 2580 1886 2649 deficeret,
1913 2579 1998 2634 vel

116 2690 179 2727 eo
210 2692 374 2730 sensu
403 2676 547 2747 quod
573 2677 682 2732 nisi
711 2696 809 2750 per
833 2683 980 2733 certa
1022 2678 1218 2732 saltem
1249 2677 1509 2751 temporis
1539 2677 1823 2732 intervalla
1856 2677 1995 2731 cele-

115 2768 392 2839 braretur,
422 2779 716 2828 secuturus
749 2775 1056 2830 necessario
1082 2776 1222 2829 foret
1244 2775 1499 2828 Ecclesiae
1526 2773 1807 2827 interitus.
1837 2773 2000 2825 Porro

116 2871 419 2939 utrumque
459 2869 749 2924 absonum.
794 2870 1075 2943 Imprimis
1102 2875 1163 2925 ut
1191 2869 1431 2925 Ecclesia
1461 2868 1723 2924 subsistat
1750 2884 1999 2923 necessa-

117 2962 264 3017 rium
303 2982 414 3019 non
451 2972 533 3020 est
569 2966 864 3022 concilium
892 2967 1290 3023 oecumenicum
1328 2984 1679 3039 permanens,
1718 2965 1997 3037 siquidem

90 3059 183 3127 ,ab
210 3062 506 3117 octodecim
533 3063 748 3118 saeculis
778 3064 958 3119 extitit
990 3065 1197 3137 absque
1227 3064 1343 3120 ullo
1383 3063 1729 3138 permanenti
1766 3062 1999 3118 concilio

120 3159 475 3215 oecumenico,
505 3159 611 3215 Nec
638 3161 815 3232 magis
846 3162 1156 3218 necessaria
1194 3163 1301 3218 dici
1337 3166 1514 3236 potest
1548 3161 1843 3218 celebratio
1876 3178 2001 3214 con-

115 3253 227 3307 cilii
250 3256 571 3311 oecumenici
598 3275 696 3330 per
724 3264 869 3315 certa
897 3260 1162 3333 temporis
1196 3260 1504 3317 intervalla.
1539 3260 1656 3315 Non
1692 3259 1840 3314 enim
1875 3275 1999 3330 pos-

122 3355 203 3404 set
241 3351 462 3406 brevius
515 3352 867 3410 intervallum
912 3357 1179 3430 assignari
1219 3376 1384 3431 quarn
1426 3358 1599 3413 trium
1640 3357 1992 3422 saeculoru1n3

120 3445 393 3516 siquidem
440 3452 565 3503 ante
605 3450 848 3521 primum
889 3454 1287 3510 oecumenicum
1331 3453 1627 3510 concilium
1670 3453 1997 3507 effluxerant

117 3539 249 3594 anni
269 3540 397 3607 5253
425 3547 478 3597 et
497 3542 564 3599 ab
589 3543 803 3619 incepto
828 3547 1047 3619 ultime,
1065 3567 1260 3624 nempe
1277 3550 1619 3616 TridentinO,
1636 3548 1748 3621 jam
1774 3547 1995 3605 effluxe-
