2340 3990
823 282 952 329 PARS
983 282 1195 330 OCTAVA.
1867 283 1955 332 41¹1

76 415 129 467 et
157 408 503 475 definienteS,
539 414 728 486 typum
757 414 810 465 et
841 409 1073 471 formam
1109 408 1383 466 secuturis
1416 407 1663 465 conciliis
1685 410 1955 481 generali-

75 506 181 563 bus
211 506 498 562 indidisse.
526 506 604 560 Ab
633 505 736 562 isto
773 506 1006 580 proinde
1037 506 1272 563 concilio
1298 507 1367 563 ad
1398 506 1505 562 alia
1537 505 1742 562 similia
1778 506 1960 565 valere

76 603 404 660 illationem.
448 603 567 658 Jam
614 621 740 659 vero
783 602 839 658 in
883 603 986 659 ista
1031 603 1236 679 synodo
1280 604 1423 660 facta
1474 609 1557 660 est
1599 602 1843 659 definitio
1885 603 1955 660 ab

77 700 340 776 apostolis
365 700 701 756 assentiente
725 701 903 771 Petro,
945 718 1043 757 seu
1079 701 1265 775 potius
1306 702 1462 758 Petro
1487 707 1613 757 ante
1641 719 1834 758 omnes
1869 701 1964 757 de-

76 797 288 854 finienti
335 796 786 853 assentientibus.
837 798 898 853 Et
940 798 1184 856 adhibita
1227 799 1334 856 fuit
1375 783 1622 855 formula
1668 799 1839 856 Visum
1879 806 1981 857 est.

0 884 27 934 s
79 893 298 966 Spiritui
330 900 505 948 sancto
545 900 594 948 et
629 895 795 959 nobiS,
825 911 890 950 ex
917 914 1022 968 qua
1062 901 1269 952 certum
1303 902 1386 951 est
1416 895 1562 969 ipsos
1590 895 1849 951 habuisse
1878 894 1962 949 in·

0 991 1 1052 3
79 991 491 1063 fallibilitatem‚
523 1009 757 1064 eamque
788 990 894 1046 sibi
923 992 1206 1048 tribuisse.
1241 992 1413 1065 Igitur
1439 992 1496 1047 in
1521 991 1767 1067 quolibet
1790 991 1961 1047 simili

81 1089 333 1152 concilio,
364 1089 417 1143 id
446 1095 546 1155 est,
577 1088 796 1163 quando
823 1089 1191 1161 congregandi
1217 1088 1467 1163 Episcopi
1493 1089 1754 1145 definient
1772 1106 1960 1145 assen-

79 1187 247 1243 tiente
273 1187 514 1243 Romano
534 1186 811 1253 pontifice,
839 1203 950 1239 non
975 1184 1150 1240 deerit
1179 1185 1415 1257 Spiritus
1433 1186 1607 1240 sancti
1625 1186 1960 1250 assistentia;

83 1282 137 1337 id
169 1287 270 1347 est,
307 1299 418 1336 non
459 1280 634 1337 deerit
675 1279 1091 1335 infallibilitatis
1134 1280 1507 1352 pl‘aerogativa.
1551 1314 1619 1322 —
1650 1282 1790 1336 Duos
1827 1281 1967 1337 alios

83 1380 370 1452 scripturae
398 1385 576 1434 textus
607 1379 864 1449 allegatos
907 1377 1030 1431 vide
1067 1394 1097 1432 a
1135 1376 1389 1432 Suaresio
1419 1378 1505 1447 (de
1545 1377 1697 1447 Fide,
1725 1379 1870 1451 disp.
1908 1377 1970 1448 V,

87 1481 216 1531 sect.
248 1494 330 1541 vn,
360 1491 417 1527 n.
451 1475 531 1547 6).

162 1572 419 1625 Probatur
441 1572 496 1625 2⁰
523 1589 587 1625 ea:
614 1578 868 1643 perpetua
895 1571 1110 1640 Patriam
1136 1571 1434 1635 traditione,
1465 1588 1525 1626 ac
1550 1571 1707 1626 totius
1734 1572 1972 1628 Ecclesiae

83 1669 442 1740 persuasione.
472 1699 535 1707 —-
558 1667 791 1740 Ipsamet
818 1666 1046 1722 concilia
1072 1667 1349 1739 generalia
1379 1667 1483 1722 sibi
1506 1668 1853 1742 apertissime
1880 1669 1975 1725 tri-

87 1766 267 1820 buunt
300 1764 772 1833 infallibilitatem,
817 1782 1031 1821 necnon
1070 1769 1398 1837 potestatem
1436 1765 1716 1837 obligandi
1755 1765 1821 1820 ad
1860 1783 1978 1822 cre-

88 1860 330 1915 dendum
360 1859 777 1915 definitionibus
814 1861 948 1929 suis;
979 1860 1253 1932 siquidem
1284 1865 1578 1916 renuentes
1608 1862 1834 1918 credere
1858 1867 1977 1917 tan-

89 1975 254 2030 quam
282 1957 567 2012 haereticos
597 1957 699 2012 suh
724 1959 1069 2013 anathemate
1092 1958 1378 2014 damnant.
1407 1957 1468 2013 Et
1496 1957 1747 2031 quamvis
1771 1958 1975 2014 dictam

91 2054 545 2110 infallibilitatem
589 2065 641 2110 et
680 2061 1003 2128 potestatem
1044 2073 1150 2111 non
1193 2056 1299 2110 sibi
1343 2056 1590 2111 tribuant
1629 2056 1837 2128 absque
1871 2057 1975 2111 Ro-

91 2153 239 2206 mani
272 2152 548 2208 Pontificis
586 2153 1000 2226 approbatione,
1037 2153 1313 2226 siquidem
1348 2170 1447 2227 per
1478 2154 1751 2226 ejusmodi
1790 2173 1984 2229 appro-

90 2249 367 2305 bationem
399 2258 699 2323 procurant
727 2252 940 2307 decreta
971 2269 1070 2307 sua
1097 2252 1367 2318 roborari,
1393 2257 1579 2307 tamen
1612 2252 1717 2306 sibi
1751 2254 1978 2309 omnino

92 2346 340 2402 tribuunt
377 2365 502 2401 cum
530 2347 923 2404 assentientem
952 2347 1157 2404 habent
1187 2348 1495 2404 Romanum
1538 2351 1885 2425 Episcopum.
1919 2351 1978 2406 Et

92 2445 299 2517 pariter
325 2445 508 2501 Patres
527 2446 863 2517 generalium
890 2447 1246 2502 conciliorum
1270 2447 1502 2519 judicia,
1527 2450 1730 2521 quibus
1750 2467 1860 2505 non
1887 2449 1979 2504 de-

91 2540 197 2594 fuit
219 2541 449 2596 Romani
472 2543 748 2599 Pontificis
771 2562 1054 2608 assensuS,
1077 2550 1308 2600 censent
1332 2545 1644 2602 infallibilia
1670 2564 1899 2620 prorsus
1927 2553 1977 2602 et

93 2635 481 2692 immutabilia.
523 2639 596 2694 lta
623 2647 682 2695 ut
716 2641 883 2696 etiam
915 2647 1140 2697 sanctus
1171 2641 1463 2714 Gregorius
1495 2642 1718 2715 Magnus
1759 2643 1976 2711 dixerit,

93 2741 330 2806 quatuor
365 2737 541 2808 prima
573 2735 847 2810 generalia
887 2739 1148 2809 concilia,
1184 2745 1421 2812 quatuor
1462 2741 1868 2811 evangeliorum
1899 2741 1981 2794 in-

95 2836 212 2886 star
238 2848 356 2886 esse
389 2831 720 2905 recipienda.
755 2834 817 2890 Et
847 2840 1072 2890 sanctus
1101 2835 1443 2906 Augustinus
1480 2835 1668 2889 docuit
1694 2835 1750 2888 in
1788 2834 1980 2890 defini-

95 2927 340 2983 tionibus
371 2929 712 3000 generalium
752 2929 1118 2985 conciliorum
1161 2929 1340 2984 audiri
1378 2930 1546 2985 totius
1575 2930 1827 2986 Ecclesiae
1861 2948 1980 2986 sen-

96 3041 239 3091 sum;
285 3024 564 3097 disputare
601 3033 786 3081 autem
827 3025 893 3081 de
936 3043 999 3081 eo
1040 3026 1187 3099 quod
1223 3026 1474 3081 universa
1516 3026 1754 3083 Ecclesia
1790 3027 1978 3098 sentit,

98 3120 508 3176 insolentissimae
532 3122 803 3176 (tententiae
824 3121 999 3178 eidem
1025 3123 1330 3194 Augustino
1356 3124 1535 3179 visum
1566 3130 1667 3180 est.
1694 3125 1844 3180 Unde
1870 3124 1978 3178 nisi

99 3217 416 3273 infallibiles
443 3236 629 3275 revera
651 3219 834 3276 forent
857 3220 1139 3291 generales
1175 3221 1383 3296 synodi,
1410 3221 1467 3276 in
1495 3222 1613 3278 suis
1646 3222 1789 3276 circa
1816 3221 1981 3277 tidem

100 3321 151 3370 et
175 3332 353 3370 mores
378 3314 807 3384 definitionibus,
842 3317 1176 3373 assentiente
1208 3319 1343 3391 Papa
1370 3318 1553 3387 editis,
1583 3317 1874 3372 dicendum
1902 3317 1981 3372 so-

101 3410 274 3486 retal)
306 3410 605 3465 octodecim
627 3412 842 3467 saeculis
869 3429 1085 3468 errasse
1108 3419 1373 3488 perpetuo
1397 3414 1599 3480 Patres,
1626 3429 1841 3470 errasse
1861 3430 1983 3486 per-

105 3512 264 3580 petuo
291 3507 605 3564 universam
640 3508 955 3574 Ecclesiam3
989 3527 1086 3565 seu
1119 3512 1301 3583 potius
1333 3510 1399 3565 ab
1433 3509 1737 3565 octodecim
1766 3510 1980 3567 saeculis

22 3638 30 3645 -
106 3602 362 3659 del'ecisse
391 3622 574 3660 veram
610 3604 807 3660 Christi
841 3605 1160 3673 Ecclesiam,
1200 3611 1386 3681 utpote
1417 3610 1607 3660 contra
1642 3622 1807 3677 quam
1844 3623 1980 3679 prae-

341 3720 410 3752 111.
1683 3706 1746 3756 2⁷
