2340 3990
321 238 416 286 574
1000 233 1297 281 TRACTATUS
1329 235 1396 281 DE
1426 236 1581 284 PAPA.

315 347 413 419 lis,
441 363 473 402 a
499 344 857 403 Constantino
875 343 1226 418 Copronymo
1251 342 1445 402 Leonis
1471 345 1590 402 filio
1610 345 1931 420 congregati
1948 364 2094 404 anno
2114 347 2246 404 754.
2287 374 2290 377 Δ

2332 286 2340 362 ³

2296 367 2340 457 i

317 445 614 502 —Eadem
642 459 812 499 causa
833 440 893 495 in
919 441 1157 499 concilio
1183 441 1551 501 Lateranensi
1570 444 1610 500 V
1635 445 1994 520 reprobatum
2014 449 2099 501 est
2120 463 2250 502 con·
2290 481 2307 518 «ἡ
2335 471 2340 508 g

319 543 651 601 ciliabulum
680 539 945 596 Pisanum
983 545 1175 597 contra
1213 542 1430 600 Julium
1475 543 1789 602 secundum
1826 543 2030 618 Papam
2069 540 2249 598 indic-⁷
2336 527 2340 573 ἕ

319 646 441 698 tum
471 656 618 694 anno
647 637 818 694 1511.
842 637 1011 695 —Sic
1035 638 1104 694 ab
1131 639 1383 714 Eugenio
1415 641 1480 697 IV
1503 658 1651 697 anno
1679 639 1851 710 1455,
1874 638 2107 695 fuerunt
2134 654 2251 694 cas-
2282 657 2288 678 1

321 743 460 811 sata,
503 737 663 793 irrita
695 742 750 793 et
783 737 1072 793 annullata
1111 740 1300 796 omnia
1346 745 1401 796 et
1433 739 1658 814 singula
1700 743 1903 796 statuta
1939 742 1994 794 et
2023 738 2237 793 decreta
2291 747 2294 750 ’

319 837 466 894 edita
494 855 523 892 a
550 834 786 893 concilio
815 836 1145 909 Basileensi,
1175 843 1476 913 postquam
1505 839 1575 895 ab
1602 839 1725 913 ipso
1755 837 1937 894 fuerat
1963 835 2040 891 ibi
2071 834 2248 894 disso·
2316 864 2330 870 —

318 937 527 1003 lutum,
573 940 628 992 et
675 934 1004 1006 Bononiam,
1055 935 1186 991 inde
1228 936 1547 993 Ferrariam
1579 940 1633 993 et
1666 934 1870 992 ultimo
1907 930 2247 989 Florentiam

317 1034 677 1091 translatum.
707 1035 771 1091 Et
796 1034 877 1091 sic
909 1035 976 1091 de
1010 1035 1226 1092 caeteris
1262 1036 1586 1104 dicendum,
1621 1039 1834 1093 cassata
1862 1040 1915 1090 et
1956 1032 2236 1088 infirmata
2324 1063 2331 1071 ·

316 1152 437 1191 esse
465 1134 726 1204 concilia,
770 1153 891 1208 quae
928 1135 1141 1208 absque
1181 1136 1513 1192 auctoritate
1538 1134 1784 1192 Romani
1813 1131 2097 1190 Pontificis
2123 1148 2252 1188 con-

315 1238 508 1288 vocata
538 1252 635 1289 seu
664 1233 991 1289 continuata
1017 1251 1139 1289 esse
1169 1239 1407 1300 constat,
1447 1239 1503 1290 et
1529 1234 1674 1290 inter
1702 1233 1966 1308 acephala
1999 1236 2053 1288 et
2072 1229 2248 1288 schis-

315 1330 516 1386 matica
548 1331 918 1387 conciliabula
942 1332 1302 1386 numeranda
1327 1349 1480 1386 esse.
1503 1352 1530 1384 »

390 1429 549 1484 Nou.
578 1462 654 1469 —
683 1429 760 1484 De
791 1430 996 1484 casibus
1031 1429 1479 1485 extraordinariis
1518 1430 1579 1484 ob
1618 1446 1746 1502 quos
1786 1430 1900 1483 sine
1932 1429 2248 1483 anctoritate
2301 1425 2306 1431 ’

314 1528 474 1601 Papae
517 1528 742 1601 quitime
789 1531 1066 1584 convocari
1100 1547 1259 1602 posse
1293 1529 1591 1598 concilium,
1631 1547 1738 1584 ‘non
1771 1528 1979 1601 quidem
2011 1527 2245 1600 perfecte

323 1632 721 1695 mammaeam,
755 1631 847 1686 sed
881 1638 1054 1686 tamen
1081 1631 1257 1703 aliquo
1284 1649 1443 1686 sensa
1470 1630 1735 1705 perieram,
1769 1630 1986 1684 tradunt
2016 1628 2250 1682 doctores

321 1729 582 1784 catholici.
598 1762 675 1768 —
691 1728 904 1784 Primus
932 1748 1083 1785 casus
1101 1737 1207 1799 est,
1230 1730 1276 1785 si
1297 1730 1458 1786 sedes
1475 1730 1725 1786 Romana
1743 1734 1918 1795 vacet,
1941 1727 2026 1783 vel
2045 1732 2247 1792 morte,

319 1828 405 1885 vel
434 1829 875 1894 renuntiatione,
904 1831 991 1886 vel
1014 1830 1285 1902 amentia,
1313 1831 1399 1886 vel
1427 1835 1696 1905 perpetua
1723 1827 2042 1904 captivitate
2064 1825 2249 1880 Ponti-

316 1926 456 1982 ficis.
475 1928 640 1984 Posse
669 1928 726 1983 in
756 1928 861 1985 hoc
889 1947 1027 1985 casu
1052 1948 1081 1985 a
1106 1930 1493 1986 Cardinalibus
1519 1929 1811 1986 convocari
1839 1926 2143 1984 concilium
2162 1942 2252 1999 ge-

315 2029 524 2094 nerale,
573 2028 619 2084 si
663 2029 785 2101 ejus
818 2031 1127 2087 necessitas
1170 2030 1401 2086 evidens
1447 2030 1546 2101 sit,
1592 2030 1789 2101 imm0‚
1841 2028 1890 2083 si
1930 2020 2249 2082 Cardinales

315 2132 579 2194 renuant,
606 2146 770 2202 posse
795 2134 996 2185 mutuo
1025 2131 1250 2186 hortatu
1281 2130 1583 2204 Episcopos
1610 2130 1669 2184 in
1696 2127 2090 2184 unumlocum
2124 2143 2250 2181 con-

315 2227 527 2294 venire,
574 2227 684 2284 fuit
725 2230 1087 2286 communior
1129 2230 1425 2286 doctorum
1469 2228 1749 2286 sententia
1803 2227 1946 2300 (vide
1999 2225 2243 2296 Theoloy.
2281 2243 2289 2250 ·

318 2327 668 2401 Wircebnrq„
710 2335 751 2386 t..
797 2330 838 2397 Ι,
871 2349 926 2405 p.
958 2332 1094 2400 255,
1127 2330 1373 2401 Parisiis,
1405 2330 1574 2387 1852.
1608 2362 1677 2368 —
1705 2326 2140 2392 Bellarminum‚
2185 2324 2247 2380 cle

318 2426 586 2498 Conciliis,
631 2429 670 2484 l.
706 2431 746 2501 Ι,
786 2450 834 2487 c.
879 2432 1006 2505 xw).
1036 2431 1161 2488 Tale
1199 2438 1387 2488 autem
1420 2429 1722 2487 concilium
1753 2434 1900 2486 esset
1938 2427 2247 2500 imperfecte

319 2529 754 2601 oecumenicum,
787 2532 916 2604 quia
950 2531 1168 2588 deesset
1199 2533 1355 2606 Papae
1392 2530 1712 2587 auctoritas.
1749 2528 1860 2601 Ego
1892 2545 2023 2583 vero
2050 2542 2245 2583 casum

318 2625 579 2682 existimo
598 2629 992 2686 chimericum.
1012 2630 1294 2703 Dependet
1322 2630 1367 2686 si
1397 2630 1628 2702 quidem
1654 2628 1720 2683 ab
1754 2629 1856 2681 hac
1882 2626 2249 2680 circumstan-

318 2724 422 2795 tia,
453 2727 602 2798 quod
642 2730 929 2783 necessitas
960 2729 1279 2784 celebrandi
1319 2731 1451 2784 tunc
1477 2725 1753 2800 generalis
1783 2723 2006 2780 concilii
2035 2707 2246 2778 evidens

319 2827 442 2881 erit.
459 2826 637 2890 Quam
654 2828 971 2883 evidentiam
986 2827 1310 2900 contingere
1327 2845 1583 2900 unquam
1601 2842 1764 2900 posse
1778 2824 1870 2879 vix
1884 2821 2242 2879 crediderim.

397 2924 669 2981 Secundus
698 2944 851 2982 casas
879 2932 983 2992 est,
1024 2926 1071 2982 si
1105 2926 1297 3001 plures
1331 2926 1398 2980 de
1435 2927 1642 2999 Papatu
1676 2920 2010 2985 contendant
2043 2923 2096 2975 et
2127 2918 2245 2992 dig-

317 3024 475 3079 nosci
514 3031 752 3097 nequeat
778 3026 1089 3100 legitimuS.
1135 3025 1198 3080 In
1240 3027 1345 3081 hoc
1385 3042 1521 3080 casu
1555 3026 1737 3096 potest
1780 3019 2084 3078 concilium
2112 3017 2247 3092 legi-

314 3122 793 3190 time‘convocarL
832 3126 1044 3199 absque
1070 3125 1228 3199 Papae
1261 3123 1611 3191 auctoritate,
1645 3138 1675 3176 a
1710 3117 2117 3184 CardinalibUS,
2150 3121 2245 3172 aut

315 3221 511 3287 etiam,
535 3220 580 3276 si
603 3220 924 3283 Cardinales
950 3229 1219 3294 renuant,
1237 3223 1306 3279 ab
1325 3222 1584 3296 ipsismet
1599 3218 1885 3293 Episcopis
1904 3235 2021 3273 sese
2041 3220 2240 3271 mutuo

315 3318 385 3374 ad
411 3317 467 3374 id
504 3319 882 3376 hortantibus.
927 3321 1046 3376 Erit
1072 3327 1263 3376 autem
1302 3316 1580 3392 ejusmodi
1606 3315 1910 3374 concilium
1937 3315 2241 3387 imperfecte

318 3417 759 3487 oecumenicum,
804 3437 910 3476 nec
944 3420 1015 3475 ad
1053 3420 1204 3476 aliud
1237 3418 1628 3476 auctoritatem
1667 3416 1914 3485 habebit,
1955 3431 2126 3489 quam
2168 3416 2231 3467 ut

317 3517 384 3574 de
403 3524 556 3576 certo
581 3519 723 3596 Papa
745 3519 1030 3595 provideat
1052 3520 1199 3595 (vide
1220 3520 1622 3578 Bellarminum
1647 3524 1710 3576 et·
1721 3516 2235 3591 WirceburgenSeS,

318 3619 476 3675 citato
509 3618 673 3692 loco).
