2340 3990
818 314 946 361 PARS
975 312 1191 368 QUARTA.
1857 309 1944 356 287

78 427 183 487 nisi
207 425 408 483 melius
434 423 668 482 dixerim
710 420 853 477 mala
886 418 1040 475 fides.
1080 416 1253 472 Eccur
1277 412 1447 479 enim,
1474 429 1539 468 ex
1566 430 1632 468 eo
1661 411 1806 484 quod
1835 412 1949 468 sint

77 526 354 596 distinctae,
380 518 716 579 concludunt
738 515 954 574 civilem
977 513 1161 588 potius
1184 529 1352 592 quam
1378 509 1806 568 ecclesiasticam
1830 527 1948 566 esse

75 619 133 678 in
165 621 423 677 omnibus
463 618 531 674 -ab
567 617 736 672 altera
774 630 1000 688 prorsus
1046 610 1548 685 independentem‘?
1576 608 1636 664 Si
1673 607 1979 665 distinctio

76 735 186 775 non
217 717 478 792 impediat
502 713 638 787 quin
676 729 784 768 una
812 707 984 784 possit
1019 726 1136 764 esse
1173 727 1402 783 prorsus
1431 704 1830 782 independens,
1873 708 1951 763 al·

75 821 189 872 tera
233 822 415 871 autem
457 811 642 883 aliquo
694 808 857 863 modo
908 806 1176 879 subjecta,
1224 825 1326 862 cur
1378 807 1754 863 omnimodam
1796 806 1950 863 inde-

75 913 423 988 pendentiam
475 907 652 978 civili,
705 905 1102 979 subjectionem
1158 904 1547 962 Ecclesiasticae
1595 905 1946 963 tribuendam

72 1007 371 1081 colligunt?
399 1006 515 1061 Non
552 1004 655 1060 alia
683 1021 815 1059 sane
841 1003 906 1059 de
946 1020 1131 1068 causa,
1161 1019 1328 1074 quam
1362 1003 1511 1076 quod
1539 1002 1812 1076 ejusmodi
1839 1021 1951 1080 sys-

73 1105 286 1163 tematis
313 1121 593 1176 sequaces,
631 1100 866 1157 terrenis
893 1098 1238 1171 principibus
1278 1099 1499 1172 palpare
1527 1101 1846 1171 voluerunt,
1887 1106 1950 1156 ut

72 1219 162 1260 eos
188 1203 243 1256 in
271 1199 555 1257 evertenda
583 1196 785 1253 Christi
814 1193 1050 1250 Ecclesia
1077 1202 1461 1267 cooperatores
1488 1196 1789 1253 efficerent.

145 1301 208 1353 At
241 1295 650 1371 gallicanismus
672 1293 969 1348 moderatus
989 1309 1051 1346 ex
1069 1291 1359 1346 ambarum
1383 1297 1716 1365 potestatum
1739 1295 1950 1350 distinc-

76 1401 208 1455 tione
231 1395 513 1451 concludit
547 1399 800 1448 mutuam
853 1397 906 1446 et
937 1389 1311 1445 omnimodam
1343 1389 1410 1444 ab
1443 1390 1678 1446 invicem
1703 1392 1951 1463 indepen-

76 1493 313 1549 dentiam.
358 1490 432 1544 Ex
474 1509 534 1545 ea
579 1488 788 1544 scilicet
832 1487 1044 1542 ratione
1089 1485 1231 1559 quod
1271 1485 1517 1559 qualibet
1555 1486 1726 1542 unius
1771 1488 1951 1559 quoad

74 1590 298 1647 alteram
326 1588 667 1661 subjectione
698 1587 922 1642 tollatur
949 1585 1250 1641 distinctio.

146 1690 307 1745 Porro
339 1694 605 1762 praetensa
646 1688 760 1741 haec
795 1684 1165 1740 distinctionis
1210 1689 1263 1738 et
1295 1683 1533 1756 alicujus
1577 1684 1952 1759 dependentiac

75 1786 592 1861 incompossibilitas
619 1802 774 1840 error
800 1788 879 1839 est
906 1782 1416 1838 manifestissimus
1448 1782 1600 1846 Quod
1624 1784 1703 1839 sic
1730 1786 1950 1857 probari

76 1890 282 1960 potest:

151 1981 202 2037 1⁰
239 1981 522 2037 Evanescit
556 1979 779 2053 quidem
826 1997 922 2034 seu
965 1996 1074 2032 non
1114 1977 1298 2033 existit
1342 1978 1577 2033 duarum
1616 1983 1947 2053 potestatum

0 2084 2 2090 ’
76 2067 365 2140 distinctiO,
396 2075 441 2130 si
481 2081 654 2130 totum
692 2074 839 2148 quod
869 2074 1030 2129 habet
1055 2091 1164 2128 una
1202 2073 1552 2129 contineatur
1579 2075 1635 2129 in
1676 2078 1867 2148 altera,
1899 2084 1950 2134 et

0 2198 3 2217 ·
75 2170 190 2228 vice
227 2190 402 2238 versa3
438 2178 571 2227 tunc
623 2171 774 2227 enim
815 2188 1160 2244 unaquaeque
1189 2170 1335 2226 idem
1381 2179 1465 2227 est
1508 2191 1570 2227 ac
1608 2174 1805 2237 altera;
1846 2193 1949 2231 nec

77 2264 296 2339 proinde
332 2274 514 2322 extant
561 2268 712 2338 duze,
762 2269 856 2323 sed
899 2268 1085 2323 unica.
1109 2268 1331 2322 —Ilem
1370 2285 1479 2322 non
1520 2268 1707 2323 existit
1739 2273 1949 2343 proprie

0 2429 6 2444 Ι
78 2361 211 2418 dicta
253 2363 532 2436 distinctim
569 2365 613 2419 si
644 2383 751 2421 una
784 2371 1021 2440 potestas
1049 2365 1305 2420 excludat
1330 2365 1557 2420 alteram
1598 2366 1734 2438 quin
1764 2373 1946 2423 tamen

78 2459 145 2515 ab
190 2460 308 2533 ipsa
340 2462 687 2528 excludatur3
720 2482 814 2519 seu
853 2464 1072 2537 quando
1107 2463 1351 2519 exclusio
1391 2482 1501 2518 non
1529 2469 1613 2519 est
1639 2466 1944 2531 bilateralis‘,

80 2557 170 2612 sed
212 2557 492 2613 dumtaxat
533 2561 879 2617 unitateraIiS.
907 2562 1059 2617 Tales
1087 2567 1236 2633 sunt,
1275 2562 1428 2617 verbi
1459 2562 1651 2634 gratia,
1679 2564 1825 2636 regia
1853 2583 1948 2638 po-

80 2658 244 2710 testas
283 2660 336 2709 et
376 2663 609 2729 potestas
648 2659 1031 2730 gubernatoris
1071 2660 1364 2734 provinciae
1404 2679 1433 2715 a
1470 2679 1597 2733 rege
1640 2661 1945 2718 constituti.

79 2750 460 2808 Gubernatoris
486 2760 721 2827 potestas
747 2761 853 2811 tota
893 2757 1209 2813 continetur
1234 2758 1290 2812 in
1328 2764 1599 2831 potestate
1626 2759 1794 2832 regis,
1819 2760 1950 2815 dum

75 2866 105 2905 e
144 2855 330 2906 contra
374 2853 516 2923 regis
556 2858 791 2924 potestas
832 2872 939 2908 non
980 2857 1297 2911 continetur
1341 2855 1398 2910 in
1443 2862 1712 2930 potestate
1752 2858 1951 2930 guber·

0 2943 10 3000 ὲ.
79 2949 305 3018 natorIS,
353 2950 444 3004 sed
483 2967 599 3004 eam
636 2951 870 3006 multum
913 2955 1147 3009 excedit.
1171 2955 1319 3009 Unde
1355 2956 1741 3026 gubernatoris
1775 2965 1952 3031 potes·

0 3031 2 3053 ³
78 3049 154 3101 tas
180 3046 416 3100 excludit
457 3047 689 3119 regiam3
734 3066 843 3103 non
886 3054 1068 3105 autem
1110 3050 1349 3106 vicissim
1378 3053 1692 3108 excluditur
1723 3071 1749 3108 a
1778 3054 1947 3128 regia,

0 3139 3 3161 ³
79 3142 169 3198 sed
210 3142 528 3198 includitur.
556 3146 777 3209 Quando
809 3146 879 3202 ita
910 3166 967 3202 se
999 3148 1199 3204 liabent
1232 3150 1353 3205 duae
1382 3156 1693 3223 potestateS,
1729 3170 1838 3207 una
1869 3159 1950 3208 est

78 3240 422 3296 ministeria-lis
458 3243 681 3298 relative
723 3245 788 3299 ad
816 3245 1079 3311 altera1n3
1117 3253 1169 3302 et
1201 3249 1452 3321 quamvis
1490 3268 1673 3305 veram
1712 3257 1949 3325 potesta-

0 3410 4 3422 ,
80 3339 185 3392 tem
226 3339 420 3394 habeat
459 3340 731 3408 minister,
776 3361 887 3399 non
926 3349 1110 3401 tamen
1155 3332 1277 3402 eam
1329 3349 1491 3404 habet
1534 3351 1790 3405 exclusive
1823 3368 1948 3422 pro-

76 3434 263 3504 priam,
308 3433 579 3506 siquidem
621 3455 681 3492 ea
710 3444 951 3511 potestas
987 3441 1155 3497 simul
1185 3450 1240 3522 et
1280 3446 1474 3518 potiori
1503 3447 1684 3513 titulo,
1714 3446 1763 3500 ei
1799 3463 1949 3500 com-

81 3528 213 3601 petit
237 3530 395 3601 cujus
422 3531 675 3604 minister
698 3541 799 3590 est.
829 3537 995 3592 Porro
1021 3541 1239 3612 quando
1267 3541 1448 3613 agitur
1477 3545 1543 3597 de
1565 3544 1777 3614 proprie
1810 3542 1949 3596 clieta

84 3622 314 3679 duarum
356 3630 678 3697 potestatum
724 3630 1100 3703 distinctione,
1152 3654 1263 3690 non
1308 3637 1638 3707 intelligitur
1672 3654 1830 3692 casus
1861 3654 1948 3691 ex·
