<?xml version="1.0" encoding="UTF-8"?>
<!DOCTYPE html PUBLIC "-//W3C//DTD XHTML 1.0 Transitional//EN"
    "http://www.w3.org/TR/xhtml1/DTD/xhtml1-transitional.dtd">
<html xmlns="http://www.w3.org/1999/xhtml" xml:lang="en" lang="en">
 <head>
  <title>
</title>
<meta http-equiv="Content-Type" content="text/html;charset=utf-8" />
  <meta name='ocr-system' content='tesseract 3.04.00' />
  <meta name='ocr-capabilities' content='ocr_page ocr_carea ocr_par ocr_line ocrx_word'/>
</head>
<body>
  <div class='ocr_page' id='page_1' title='image "a548470103bouiuoft_0312.png"; bbox 0 0 2340 3990; ppageno 0'>
   <div class='ocr_carea' id='block_1_1' title="bbox 2323 282 2340 329">
    <p class='ocr_par' dir='ltr' id='par_1_1' title="bbox 2323 282 2340 329">
     <span class='ocr_line' id='line_1_1' title="bbox 2323 282 2340 329; baseline 0 0"><span class='ocrx_word' id='word_1_1' title='bbox 2323 282 2340 329; x_wconf 63' lang='lat' dir='ltr'>Q&gt;</span> 
     </span>
    </p>
   </div>
   <div class='ocr_carea' id='block_1_2' title="bbox 378 377 2340 3768">
    <p class='ocr_par' dir='ltr' id='par_1_2' title="bbox 378 377 2340 3768">
     <span class='ocr_line' id='line_1_2' title="bbox 395 377 2340 480; baseline 0.006 -20"><span class='ocrx_word' id='word_1_2' title='bbox 395 403 666 461; x_wconf 87' lang='lat' dir='ltr'>clusionis</span> <span class='ocrx_word' id='word_1_3' title='bbox 692 377 1063 471; x_wconf 82' lang='lat' dir='ltr'>unilateralis,</span> <span class='ocrx_word' id='word_1_4' title='bbox 1094 419 1192 458; x_wconf 87' lang='lat' dir='ltr'>seu</span> <span class='ocrx_word' id='word_1_5' title='bbox 1228 421 1394 462; x_wconf 89' lang='lat' dir='ltr'>casus</span> <span class='ocrx_word' id='word_1_6' title='bbox 1423 425 1536 480; x_wconf 89' lang='lat' dir='ltr'>quo</span> <span class='ocrx_word' id='word_1_7' title='bbox 1562 425 1674 462; x_wconf 90' lang='lat' dir='ltr'>una</span> <span class='ocrx_word' id='word_1_8' title='bbox 1706 425 1818 463; x_wconf 90' lang='lat' dir='ltr'>non</span> <span class='ocrx_word' id='word_1_9' title='bbox 1843 407 1917 464; x_wconf 88' lang='lat' dir='ltr'>sit</span> <span class='ocrx_word' id='word_1_10' title='bbox 1941 409 2054 467; x_wconf 90' lang='lat' dir='ltr'>nisi</span> <span class='ocrx_word' id='word_1_11' title='bbox 2080 405 2340 479; x_wconf 55' lang='lat' dir='ltr'>alterium?</span> 
     </span>
     <span class='ocr_line' id='line_1_3' title="bbox 395 500 2340 581; baseline 0.005 -21"><span class='ocrx_word' id='word_1_12' title='bbox 395 507 660 568; x_wconf 81' lang='lat' dir='ltr'>ministra‚·</span> <span class='ocrx_word' id='word_1_13' title='bbox 701 501 800 557; x_wconf 89' lang='lat' dir='ltr'>sed</span> <span class='ocrx_word' id='word_1_14' title='bbox 836 500 1176 574; x_wconf 80' lang='lat' dir='ltr'>intelligitur</span> <span class='ocrx_word' id='word_1_15' title='bbox 1211 521 1376 560; x_wconf 90' lang='lat' dir='ltr'>casus</span> <span class='ocrx_word' id='word_1_16' title='bbox 1407 505 1749 562; x_wconf 84' lang='lat' dir='ltr'>exclusionis</span> <span class='ocrx_word' id='word_1_17' title='bbox 1791 506 2101 581; x_wconf 64' lang='lat' dir='ltr'>bilateraliS,</span> <span class='ocrx_word' id='word_1_18' title='bbox 2143 511 2218 568; x_wconf 85' lang='lat' dir='ltr'>ita</span> <span class='ocrx_word' id='word_1_19' title='bbox 2252 512 2340 581; x_wconf 51' lang='lat' dir='ltr'>uh</span> 
     </span>
     <span class='ocr_line' id='line_1_4' title="bbox 393 591 2340 694; baseline 0.007 -44"><span class='ocrx_word' id='word_1_20' title='bbox 393 617 744 674; x_wconf 75' lang='lat' dir='ltr'>unaquaeque</span> <span class='ocrx_word' id='word_1_21' title='bbox 773 598 974 654; x_wconf 82' lang='lat' dir='ltr'>habeat</span> <span class='ocrx_word' id='word_1_22' title='bbox 1011 599 1106 673; x_wconf 89' lang='lat' dir='ltr'>jus</span> <span class='ocrx_word' id='word_1_23' title='bbox 1133 599 1362 674; x_wconf 79' lang='lat' dir='ltr'>aliquod</span> <span class='ocrx_word' id='word_1_24' title='bbox 1400 602 1505 658; x_wconf 93' lang='lat' dir='ltr'>sibi</span> <span class='ocrx_word' id='word_1_25' title='bbox 1547 604 1808 660; x_wconf 75' lang='lat' dir='ltr'>exclusive</span> <span class='ocrx_word' id='word_1_26' title='bbox 1848 606 2162 681; x_wconf 85' lang='lat' dir='ltr'>proprium,</span> <span class='ocrx_word' id='word_1_27' title='bbox 2205 591 2340 694; x_wconf 61' lang='lat' dir='ltr'>quo}</span> 
     </span>
     <span class='ocr_line' id='line_1_5' title="bbox 395 698 2333 780; baseline 0.004 -23"><span class='ocrx_word' id='word_1_28' title='bbox 395 705 576 757; x_wconf 86' lang='lat' dir='ltr'>careat</span> <span class='ocrx_word' id='word_1_29' title='bbox 599 700 798 766; x_wconf 79' lang='lat' dir='ltr'>alteia,</span> <span class='ocrx_word' id='word_1_30' title='bbox 829 717 928 755; x_wconf 91' lang='lat' dir='ltr'>seu</span> <span class='ocrx_word' id='word_1_31' title='bbox 963 698 1161 772; x_wconf 88' lang='lat' dir='ltr'>dequo</span> <span class='ocrx_word' id='word_1_32' title='bbox 1188 701 1360 757; x_wconf 81' lang='lat' dir='ltr'>alteia</span> <span class='ocrx_word' id='word_1_33' title='bbox 1394 701 1583 759; x_wconf 87' lang='lat' dir='ltr'>dicere</span> <span class='ocrx_word' id='word_1_34' title='bbox 1606 721 1736 760; x_wconf 91' lang='lat' dir='ltr'>cum</span> <span class='ocrx_word' id='word_1_35' title='bbox 1763 703 1991 762; x_wconf 89' lang='lat' dir='ltr'>veritate</span> <span class='ocrx_word' id='word_1_36' title='bbox 2020 714 2258 780; x_wconf 82' lang='lat' dir='ltr'>nequeat</span> <span class='ocrx_word' id='word_1_37' title='bbox 2289 731 2333 776; x_wconf 39' lang='grc' dir='ltr'>τε</span> 
     </span>
     <span class='ocr_line' id='line_1_6' title="bbox 387 797 2328 870; baseline 0.006 -19"><span class='ocrx_word' id='word_1_38' title='bbox 387 798 481 870; x_wconf 89' lang='lat' dir='ltr'>jus</span> <span class='ocrx_word' id='word_1_39' title='bbox 523 797 677 853; x_wconf 91' lang='lat' dir='ltr'>istud</span> <span class='ocrx_word' id='word_1_40' title='bbox 722 815 911 852; x_wconf 90' lang='lat' dir='ltr'>meum</span> <span class='ocrx_word' id='word_1_41' title='bbox 955 801 1056 852; x_wconf 92' lang='lat' dir='ltr'>est.</span> <span class='ocrx_word' id='word_1_42' title='bbox 1102 798 1279 870; x_wconf 80' lang='lat' dir='ltr'>Atque</span> <span class='ocrx_word' id='word_1_43' title='bbox 1310 798 1366 854; x_wconf 91' lang='lat' dir='ltr'>in</span> <span class='ocrx_word' id='word_1_44' title='bbox 1411 800 1516 856; x_wconf 92' lang='lat' dir='ltr'>hoc</span> <span class='ocrx_word' id='word_1_45' title='bbox 1562 801 1831 858; x_wconf 76' lang='lat' dir='ltr'>strictiori</span> <span class='ocrx_word' id='word_1_46' title='bbox 1869 821 2031 860; x_wconf 90' lang='lat' dir='ltr'>sensu</span> <span class='ocrx_word' id='word_1_47' title='bbox 2069 804 2328 868; x_wconf 42' lang='lat' dir='ltr'>dicimus*</span> 
     </span>
     <span class='ocr_line' id='line_1_7' title="bbox 396 878 2321 974; baseline 0.005 -23"><span class='ocrx_word' id='word_1_48' title='bbox 396 878 542 952; x_wconf 70' lang='lat' dir='ltr'>stare</span> <span class='ocrx_word' id='word_1_49' title='bbox 579 915 739 972; x_wconf 90' lang='lat' dir='ltr'>posse</span> <span class='ocrx_word' id='word_1_50' title='bbox 775 896 1016 952; x_wconf 89' lang='lat' dir='ltr'>duarum</span> <span class='ocrx_word' id='word_1_51' title='bbox 1045 901 1383 971; x_wconf 88' lang='lat' dir='ltr'>potestatum</span> <span class='ocrx_word' id='word_1_52' title='bbox 1409 897 1852 974; x_wconf 82' lang='lat' dir='ltr'>distinctionem,</span> <span class='ocrx_word' id='word_1_53' title='bbox 1898 902 2030 960; x_wconf 91' lang='lat' dir='ltr'>licet</span> <span class='ocrx_word' id='word_1_54' title='bbox 2061 923 2168 961; x_wconf 89' lang='lat' dir='ltr'>una</span> <span class='ocrx_word' id='word_1_55' title='bbox 2205 923 2321 969; x_wconf 46' lang='lat' dir='ltr'>nont</span> 
     </span>
     <span class='ocr_line' id='line_1_8' title="bbox 395 974 2329 1073; baseline 0.004 -23"><span class='ocrx_word' id='word_1_56' title='bbox 395 995 467 1051; x_wconf 91' lang='lat' dir='ltr'>sit</span> <span class='ocrx_word' id='word_1_57' title='bbox 491 995 559 1051; x_wconf 84' lang='lat' dir='ltr'>ab</span> <span class='ocrx_word' id='word_1_58' title='bbox 593 994 846 1050; x_wconf 72' lang='lat' dir='ltr'>alteram</span> <span class='ocrx_word' id='word_1_59' title='bbox 874 994 1110 1048; x_wconf 78' lang='lat' dir='ltr'>omnibus</span> <span class='ocrx_word' id='word_1_60' title='bbox 1163 994 1542 1067; x_wconf 71' lang='grc' dir='ltr'>ὶηάερεηάεηε,</span> <span class='ocrx_word' id='word_1_61' title='bbox 1588 997 1685 1053; x_wconf 91' lang='lat' dir='ltr'>sed</span> <span class='ocrx_word' id='word_1_62' title='bbox 1725 998 1777 1054; x_wconf 91' lang='lat' dir='ltr'>ei</span> <span class='ocrx_word' id='word_1_63' title='bbox 1821 1001 2003 1073; x_wconf 88' lang='lat' dir='ltr'>quoad</span> <span class='ocrx_word' id='word_1_64' title='bbox 2045 974 2329 1063; x_wconf 58' lang='lat' dir='ltr'>nonnulla}</span> 
     </span>
     <span class='ocr_line' id='line_1_9' title="bbox 395 1095 2318 1178; baseline -0.001 -27"><span class='ocrx_word' id='word_1_65' title='bbox 395 1095 698 1169; x_wconf 87' lang='lat' dir='ltr'>subjaceat.</span> <span class='ocrx_word' id='word_1_66' title='bbox 1655 1175 1658 1178; x_wconf 20' lang='grc' dir='ltr'><strong><em>Ι</em></strong></span> <span class='ocrx_word' id='word_1_67' title='bbox 2312 1157 2318 1169; x_wconf 52' lang='grc'><em>,</em></span> 
     </span>
     <span class='ocr_line' id='line_1_10' title="bbox 470 1179 2316 1276; baseline 0.005 -24"><span class='ocrx_word' id='word_1_68' title='bbox 470 1197 525 1252; x_wconf 80' lang='lat'>2⁰</span> <span class='ocrx_word' id='word_1_69' title='bbox 551 1196 791 1253; x_wconf 82' lang='lat' dir='ltr'>Potestas</span> <span class='ocrx_word' id='word_1_70' title='bbox 823 1214 946 1270; x_wconf 82' lang='lat' dir='ltr'>quae</span> <span class='ocrx_word' id='word_1_71' title='bbox 973 1194 1250 1269; x_wconf 88' lang='lat' dir='ltr'>dependet</span> <span class='ocrx_word' id='word_1_72' title='bbox 1290 1195 1358 1251; x_wconf 86' lang='lat' dir='ltr'>ab</span> <span class='ocrx_word' id='word_1_73' title='bbox 1388 1195 1493 1251; x_wconf 88' lang='lat' dir='ltr'>alia</span> <span class='ocrx_word' id='word_1_74' title='bbox 1522 1179 1818 1271; x_wconf 79' lang='lat' dir='ltr'>potestate,</span> <span class='ocrx_word' id='word_1_75' title='bbox 1845 1199 1931 1255; x_wconf 87' lang='lat' dir='ltr'>vel</span> <span class='ocrx_word' id='word_1_76' title='bbox 1963 1199 2237 1276; x_wconf 86' lang='lat' dir='ltr'>dependet</span> <span class='ocrx_word' id='word_1_77' title='bbox 2261 1205 2316 1262; x_wconf 79' lang='lat' dir='ltr'>in</span> 
     </span>
     <span class='ocr_line' id='line_1_11' title="bbox 393 1294 2337 1372; baseline 0.004 -20"><span class='ocrx_word' id='word_1_78' title='bbox 393 1298 650 1366; x_wconf 73' lang='lat' dir='ltr'>omnibuS,</span> <span class='ocrx_word' id='word_1_79' title='bbox 686 1296 773 1351; x_wconf 82' lang='lat' dir='ltr'>vel</span> <span class='ocrx_word' id='word_1_80' title='bbox 810 1294 1166 1351; x_wconf 89' lang='lat' dir='ltr'>solummodo</span> <span class='ocrx_word' id='word_1_81' title='bbox 1195 1296 1368 1367; x_wconf 79' lang='lat' dir='ltr'>quoad</span> <span class='ocrx_word' id='word_1_82' title='bbox 1399 1296 1598 1370; x_wconf 74' lang='lat' dir='ltr'>aliqua.</span> <span class='ocrx_word' id='word_1_83' title='bbox 1635 1296 1691 1352; x_wconf 90' lang='lat' dir='ltr'>Si</span> <span class='ocrx_word' id='word_1_84' title='bbox 1723 1298 2033 1372; x_wconf 82' lang='lat' dir='ltr'>dependeat</span> <span class='ocrx_word' id='word_1_85' title='bbox 2073 1301 2337 1359; x_wconf 80' lang='lat' dir='ltr'>totaliter·</span> 
     </span>
     <span class='ocr_line' id='line_1_12' title="bbox 391 1393 2318 1473; baseline 0.004 -21"><span class='ocrx_word' id='word_1_86' title='bbox 391 1415 488 1453; x_wconf 89' lang='lat' dir='ltr'>seu</span> <span class='ocrx_word' id='word_1_87' title='bbox 535 1396 593 1450; x_wconf 91' lang='lat' dir='ltr'>in</span> <span class='ocrx_word' id='word_1_88' title='bbox 619 1394 883 1451; x_wconf 90' lang='lat' dir='ltr'>omnihus</span> <span class='ocrx_word' id='word_1_89' title='bbox 924 1394 1093 1466; x_wconf 88' lang='lat' dir='ltr'>(sieut</span> <span class='ocrx_word' id='word_1_90' title='bbox 1134 1393 1418 1465; x_wconf 84' lang='lat' dir='ltr'>minister,</span> <span class='ocrx_word' id='word_1_91' title='bbox 1462 1395 1616 1452; x_wconf 79' lang='lat' dir='ltr'>verbi</span> <span class='ocrx_word' id='word_1_92' title='bbox 1659 1397 1833 1470; x_wconf 84' lang='lat' dir='ltr'>gratia</span> <span class='ocrx_word' id='word_1_93' title='bbox 1862 1398 1950 1455; x_wconf 87' lang='lat' dir='ltr'>vel</span> <span class='ocrx_word' id='word_1_94' title='bbox 1976 1401 2318 1473; x_wconf 75' lang='lat' dir='ltr'>gubernator=</span> 
     </span>
     <span class='ocr_line' id='line_1_13' title="bbox 387 1482 2318 1574; baseline 0.004 -24"><span class='ocrx_word' id='word_1_95' title='bbox 387 1495 685 1570; x_wconf 83' lang='lat' dir='ltr'>provinciae</span> <span class='ocrx_word' id='word_1_96' title='bbox 729 1494 972 1568; x_wconf 89' lang='lat' dir='ltr'>pendent</span> <span class='ocrx_word' id='word_1_97' title='bbox 1011 1512 1040 1547; x_wconf 89' lang='lat' dir='ltr'>a</span> <span class='ocrx_word' id='word_1_98' title='bbox 1078 1510 1206 1565; x_wconf 83' lang='lat' dir='ltr'>rege</span> <span class='ocrx_word' id='word_1_99' title='bbox 1241 1493 1338 1565; x_wconf 89' lang='lat' dir='ltr'>qui</span> <span class='ocrx_word' id='word_1_100' title='bbox 1383 1511 1476 1549; x_wconf 91' lang='lat' dir='ltr'>eos</span> <span class='ocrx_word' id='word_1_101' title='bbox 1516 1495 1855 1570; x_wconf 86' lang='lat' dir='ltr'>constituit),</span> <span class='ocrx_word' id='word_1_102' title='bbox 1908 1502 2043 1555; x_wconf 89' lang='lat' dir='ltr'>tunc</span> <span class='ocrx_word' id='word_1_103' title='bbox 2084 1482 2318 1574; x_wconf 56' lang='lat' dir='ltr'>quidem</span> 
     </span>
     <span class='ocr_line' id='line_1_14' title="bbox 383 1593 2326 1671; baseline 0.003 -19"><span class='ocrx_word' id='word_1_104' title='bbox 383 1615 495 1652; x_wconf 91' lang='lat' dir='ltr'>non</span> <span class='ocrx_word' id='word_1_105' title='bbox 523 1595 708 1652; x_wconf 76' lang='lat' dir='ltr'>existit</span> <span class='ocrx_word' id='word_1_106' title='bbox 736 1594 880 1650; x_wconf 87' lang='lat' dir='ltr'>inter</span> <span class='ocrx_word' id='word_1_107' title='bbox 907 1595 1045 1649; x_wconf 88' lang='lat' dir='ltr'>duas</span> <span class='ocrx_word' id='word_1_108' title='bbox 1087 1593 1212 1649; x_wconf 90' lang='lat' dir='ltr'>illas</span> <span class='ocrx_word' id='word_1_109' title='bbox 1248 1599 1548 1667; x_wconf 83' lang='lat' dir='ltr'>potestates</span> <span class='ocrx_word' id='word_1_110' title='bbox 1587 1599 1804 1670; x_wconf 77' lang='lat' dir='ltr'>proprie</span> <span class='ocrx_word' id='word_1_111' title='bbox 1840 1598 1981 1654; x_wconf 79' lang='lat' dir='ltr'>dicta</span> <span class='ocrx_word' id='word_1_112' title='bbox 2020 1600 2326 1671; x_wconf 45' lang='lat' dir='ltr'>distincti&amp;</span> 
     </span>
     <span class='ocr_line' id='line_1_15' title="bbox 382 1694 2307 1776; baseline 0.003 -23"><span class='ocrx_word' id='word_1_113' title='bbox 382 1696 659 1771; x_wconf 89' lang='lat' dir='ltr'>siquidem</span> <span class='ocrx_word' id='word_1_114' title='bbox 703 1714 815 1752; x_wconf 90' lang='lat' dir='ltr'>una</span> <span class='ocrx_word' id='word_1_115' title='bbox 857 1694 999 1750; x_wconf 83' lang='lat' dir='ltr'>nihil</span> <span class='ocrx_word' id='word_1_116' title='bbox 1039 1694 1267 1749; x_wconf 90' lang='lat' dir='ltr'>omnino</span> <span class='ocrx_word' id='word_1_117' title='bbox 1308 1701 1487 1768; x_wconf 83' lang='lat' dir='ltr'>potest</span> <span class='ocrx_word' id='word_1_118' title='bbox 1533 1697 1743 1771; x_wconf 87' lang='lat' dir='ltr'>absque</span> <span class='ocrx_word' id='word_1_119' title='bbox 1789 1717 2024 1756; x_wconf 87' lang='lat' dir='ltr'>assensu</span> <span class='ocrx_word' id='word_1_120' title='bbox 2055 1701 2307 1776; x_wconf 84' lang='lat' dir='ltr'>alterius,</span> 
     </span>
     <span class='ocr_line' id='line_1_16' title="bbox 378 1792 2322 1872; baseline 0.005 -22"><span class='ocrx_word' id='word_1_121' title='bbox 378 1814 480 1852; x_wconf 90' lang='lat' dir='ltr'>nec</span> <span class='ocrx_word' id='word_1_122' title='bbox 509 1795 743 1869; x_wconf 87' lang='lat' dir='ltr'>proinde</span> <span class='ocrx_word' id='word_1_123' title='bbox 776 1794 936 1848; x_wconf 86' lang='lat' dir='ltr'>habet</span> <span class='ocrx_word' id='word_1_124' title='bbox 963 1795 1056 1867; x_wconf 89' lang='lat' dir='ltr'>jus</span> <span class='ocrx_word' id='word_1_125' title='bbox 1084 1792 1264 1848; x_wconf 84' lang='lat' dir='ltr'>ullum</span> <span class='ocrx_word' id='word_1_126' title='bbox 1295 1792 1402 1848; x_wconf 81' lang='lat' dir='ltr'>sibi</span> <span class='ocrx_word' id='word_1_127' title='bbox 1433 1794 1714 1851; x_wconf 82' lang='lat' dir='ltr'>exclusive</span> <span class='ocrx_word' id='word_1_128' title='bbox 1741 1797 2059 1872; x_wconf 87' lang='lat' dir='ltr'>proprium,</span> <span class='ocrx_word' id='word_1_129' title='bbox 2098 1819 2200 1857; x_wconf 91' lang='lat' dir='ltr'>nec</span> <span class='ocrx_word' id='word_1_130' title='bbox 2229 1805 2322 1861; x_wconf 63' lang='lat' dir='ltr'>ests</span> 
     </span>
     <span class='ocr_line' id='line_1_17' title="bbox 383 1892 2310 1972; baseline 0.004 -21"><span class='ocrx_word' id='word_1_131' title='bbox 383 1895 617 1970; x_wconf 84' lang='lat' dir='ltr'>proinde</span> <span class='ocrx_word' id='word_1_132' title='bbox 644 1893 753 1950; x_wconf 93' lang='lat' dir='ltr'>nisi</span> <span class='ocrx_word' id='word_1_133' title='bbox 782 1893 1013 1950; x_wconf 85' lang='lat' dir='ltr'>alterius</span> <span class='ocrx_word' id='word_1_134' title='bbox 1043 1892 1322 1948; x_wconf 87' lang='lat' dir='ltr'>ministra.</span> <span class='ocrx_word' id='word_1_135' title='bbox 1356 1893 1604 1950; x_wconf 83' lang='lat' dir='ltr'>-Secus</span> <span class='ocrx_word' id='word_1_136' title='bbox 1627 1901 1814 1952; x_wconf 89' lang='lat' dir='ltr'>autem</span> <span class='ocrx_word' id='word_1_137' title='bbox 1845 1917 1968 1955; x_wconf 90' lang='lat' dir='ltr'>sese</span> <span class='ocrx_word' id='word_1_138' title='bbox 2001 1918 2090 1956; x_wconf 87' lang='lat' dir='ltr'>res</span> <span class='ocrx_word' id='word_1_139' title='bbox 2126 1902 2310 1972; x_wconf 80' lang='lat' dir='ltr'>habet,</span> 
     </span>
     <span class='ocr_line' id='line_1_18' title="bbox 386 1974 2313 2072; baseline 0.003 -20"><span class='ocrx_word' id='word_1_140' title='bbox 386 1997 431 2052; x_wconf 91' lang='lat' dir='ltr'>si</span> <span class='ocrx_word' id='word_1_141' title='bbox 466 2001 710 2072; x_wconf 83' lang='lat' dir='ltr'>potestas</span> <span class='ocrx_word' id='word_1_142' title='bbox 758 1994 1078 2068; x_wconf 87' lang='lat' dir='ltr'>dependens</span> <span class='ocrx_word' id='word_1_143' title='bbox 1106 1993 1173 2048; x_wconf 87' lang='lat' dir='ltr'>ab</span> <span class='ocrx_word' id='word_1_144' title='bbox 1213 1993 1320 2047; x_wconf 87' lang='lat' dir='ltr'>alia</span> <span class='ocrx_word' id='word_1_145' title='bbox 1353 1999 1641 2067; x_wconf 79' lang='lat' dir='ltr'>potestate,</span> <span class='ocrx_word' id='word_1_146' title='bbox 1682 1998 1855 2069; x_wconf 78' lang='lat' dir='ltr'>quoad</span> <span class='ocrx_word' id='word_1_147' title='bbox 1892 1999 2068 2072; x_wconf 75' lang='lat' dir='ltr'>aliqua</span> <span class='ocrx_word' id='word_1_148' title='bbox 2106 1974 2313 2057; x_wconf 68' lang='lat' dir='ltr'>solum-⁸</span> 
     </span>
     <span class='ocr_line' id='line_1_19' title="bbox 391 2094 2340 2175; baseline 0.002 -21"><span class='ocrx_word' id='word_1_149' title='bbox 391 2098 553 2154; x_wconf 91' lang='lat' dir='ltr'>modo</span> <span class='ocrx_word' id='word_1_150' title='bbox 588 2095 918 2171; x_wconf 84' lang='lat' dir='ltr'>dependeat.</span> <span class='ocrx_word' id='word_1_151' title='bbox 951 2094 1089 2149; x_wconf 89' lang='lat' dir='ltr'>Nam</span> <span class='ocrx_word' id='word_1_152' title='bbox 1117 2100 1250 2150; x_wconf 86' lang='lat' dir='ltr'>tunc</span> <span class='ocrx_word' id='word_1_153' title='bbox 1292 2096 1342 2149; x_wconf 80' lang='lat' dir='ltr'>in</span> <span class='ocrx_word' id='word_1_154' title='bbox 1379 2098 1582 2150; x_wconf 57' lang='lat' dir='ltr'>caeteris</span> <span class='ocrx_word' id='word_1_155' title='bbox 1617 2099 1853 2153; x_wconf 78' lang='lat' dir='ltr'>omnibus</span> <span class='ocrx_word' id='word_1_156' title='bbox 1891 2099 2055 2156; x_wconf 86' lang='lat' dir='ltr'>habet</span> <span class='ocrx_word' id='word_1_157' title='bbox 2089 2101 2181 2175; x_wconf 90' lang='lat' dir='ltr'>jus</span> <span class='ocrx_word' id='word_1_158' title='bbox 2209 2101 2340 2164; x_wconf 76' lang='lat' dir='ltr'>sibi</span> 
     </span>
     <span class='ocr_line' id='line_1_20' title="bbox 388 2195 2340 2274; baseline 0.002 -18"><span class='ocrx_word' id='word_1_159' title='bbox 388 2198 671 2258; x_wconf 83' lang='lat' dir='ltr'>exclusive</span> <span class='ocrx_word' id='word_1_160' title='bbox 712 2196 1028 2272; x_wconf 85' lang='lat' dir='ltr'>proprium,</span> <span class='ocrx_word' id='word_1_161' title='bbox 1075 2195 1150 2251; x_wconf 89' lang='lat' dir='ltr'>ita</span> <span class='ocrx_word' id='word_1_162' title='bbox 1192 2200 1254 2250; x_wconf 90' lang='lat' dir='ltr'>ut</span> <span class='ocrx_word' id='word_1_163' title='bbox 1290 2195 1541 2267; x_wconf 82' lang='lat' dir='ltr'>legitime</span> <span class='ocrx_word' id='word_1_164' title='bbox 1582 2203 1822 2270; x_wconf 87' lang='lat' dir='ltr'>nequeat</span> <span class='ocrx_word' id='word_1_165' title='bbox 1855 2199 2029 2255; x_wconf 87' lang='lat' dir='ltr'>altera</span> <span class='ocrx_word' id='word_1_166' title='bbox 2066 2206 2340 2274; x_wconf 73' lang='lat' dir='ltr'>potestas·</span> 
     </span>
     <span class='ocr_line' id='line_1_21' title="bbox 388 2294 2340 2374; baseline 0.002 -21"><span class='ocrx_word' id='word_1_167' title='bbox 388 2298 583 2373; x_wconf 54' lang='lat' dir='ltr'>inghis</span> <span class='ocrx_word' id='word_1_168' title='bbox 637 2315 758 2353; x_wconf 84' lang='lat' dir='ltr'>sese</span> <span class='ocrx_word' id='word_1_169' title='bbox 807 2294 1202 2350; x_wconf 79' lang='lat' dir='ltr'>intromittere.</span> <span class='ocrx_word' id='word_1_170' title='bbox 1253 2294 1420 2350; x_wconf 89' lang='lat' dir='ltr'>Adest</span> <span class='ocrx_word' id='word_1_171' title='bbox 1471 2313 1673 2370; x_wconf 88' lang='lat' dir='ltr'>nempe</span> <span class='ocrx_word' id='word_1_172' title='bbox 1723 2300 1776 2351; x_wconf 77' lang='lat' dir='ltr'>in</span> <span class='ocrx_word' id='word_1_173' title='bbox 1831 2299 2034 2352; x_wconf 74' lang='lat' dir='ltr'>caeteris</span> <span class='ocrx_word' id='word_1_174' title='bbox 2079 2301 2340 2374; x_wconf 50' lang='lat' dir='ltr'>omnibus]</span> 
     </span>
     <span class='ocr_line' id='line_1_22' title="bbox 388 2393 2340 2472; baseline 0.001 -19"><span class='ocrx_word' id='word_1_175' title='bbox 388 2395 709 2472; x_wconf 89' lang='lat' dir='ltr'>supradicta</span> <span class='ocrx_word' id='word_1_176' title='bbox 746 2394 1032 2450; x_wconf 88' lang='lat' dir='ltr'>distinctio</span> <span class='ocrx_word' id='word_1_177' title='bbox 1067 2393 1397 2466; x_wconf 85' lang='lat' dir='ltr'>bilateralis,</span> <span class='ocrx_word' id='word_1_178' title='bbox 1439 2412 1501 2449; x_wconf 87' lang='lat' dir='ltr'>ac</span> <span class='ocrx_word' id='word_1_179' title='bbox 1539 2395 1776 2468; x_wconf 82' lang='lat' dir='ltr'>proinde</span> <span class='ocrx_word' id='word_1_180' title='bbox 1812 2396 2070 2452; x_wconf 74' lang='lat' dir='ltr'>distinctio</span> <span class='ocrx_word' id='word_1_181' title='bbox 2097 2401 2340 2472; x_wconf 56' lang='lat' dir='ltr'>proprie]</span> 
     </span>
     <span class='ocr_line' id='line_1_23' title="bbox 388 2491 2340 2569; baseline 0.002 -17"><span class='ocrx_word' id='word_1_182' title='bbox 388 2496 763 2569; x_wconf 63' lang='lat' dir='ltr'>dietwlgitur</span> <span class='ocrx_word' id='word_1_183' title='bbox 807 2493 1041 2550; x_wconf 91' lang='lat' dir='ltr'>minime</span> <span class='ocrx_word' id='word_1_184' title='bbox 1077 2497 1350 2566; x_wconf 80' lang='lat' dir='ltr'>repugnat</span> <span class='ocrx_word' id='word_1_185' title='bbox 1387 2491 1525 2548; x_wconf 89' lang='lat' dir='ltr'>duas</span> <span class='ocrx_word' id='word_1_186' title='bbox 1571 2500 1868 2567; x_wconf 86' lang='lat' dir='ltr'>potestates</span> <span class='ocrx_word' id='word_1_187' title='bbox 1913 2514 2034 2553; x_wconf 90' lang='lat' dir='ltr'>esse</span> <span class='ocrx_word' id='word_1_188' title='bbox 2082 2515 2209 2554; x_wconf 87' lang='lat' dir='ltr'>vere</span> <span class='ocrx_word' id='word_1_189' title='bbox 2248 2502 2340 2558; x_wconf 75' lang='lat' dir='ltr'>aci</span> 
     </span>
     <span class='ocr_line' id='line_1_24' title="bbox 387 2590 2340 2670; baseline 0.002 -21"><span class='ocrx_word' id='word_1_190' title='bbox 387 2595 613 2668; x_wconf 85' lang='lat' dir='ltr'>proprie</span> <span class='ocrx_word' id='word_1_191' title='bbox 642 2595 953 2662; x_wconf 86' lang='lat' dir='ltr'>distinctas,</span> <span class='ocrx_word' id='word_1_192' title='bbox 991 2591 1120 2648; x_wconf 92' lang='lat' dir='ltr'>licet</span> <span class='ocrx_word' id='word_1_193' title='bbox 1152 2609 1263 2646; x_wconf 91' lang='lat' dir='ltr'>una</span> <span class='ocrx_word' id='word_1_194' title='bbox 1297 2590 1355 2645; x_wconf 93' lang='lat' dir='ltr'>in</span> <span class='ocrx_word' id='word_1_195' title='bbox 1385 2593 1674 2648; x_wconf 91' lang='lat' dir='ltr'>nonnullis</span> <span class='ocrx_word' id='word_1_196' title='bbox 1708 2593 1868 2649; x_wconf 89' lang='lat' dir='ltr'>alteri</span> <span class='ocrx_word' id='word_1_197' title='bbox 1904 2594 2208 2668; x_wconf 88' lang='lat' dir='ltr'>subjaceat.</span> <span class='ocrx_word' id='word_1_198' title='bbox 2235 2595 2340 2670; x_wconf 61' lang='lat' dir='ltr'>Siti</span> 
     </span>
     <span class='ocr_line' id='line_1_25' title="bbox 387 2674 2340 2774; baseline 0.001 -25"><span class='ocrx_word' id='word_1_199' title='bbox 387 2693 446 2749; x_wconf 91' lang='lat' dir='ltr'>in</span> <span class='ocrx_word' id='word_1_200' title='bbox 481 2694 807 2767; x_wconf 85' lang='lat' dir='ltr'>exemplum</span> <span class='ocrx_word' id='word_1_201' title='bbox 837 2692 1147 2765; x_wconf 87' lang='lat' dir='ltr'>imperator</span> <span class='ocrx_word' id='word_1_202' title='bbox 1175 2691 1270 2763; x_wconf 89' lang='lat' dir='ltr'>qui</span> <span class='ocrx_word' id='word_1_203' title='bbox 1292 2689 1513 2746; x_wconf 86' lang='lat' dir='ltr'>duobus</span> <span class='ocrx_word' id='word_1_204' title='bbox 1541 2690 1670 2746; x_wconf 86' lang='lat' dir='ltr'>filiis</span> <span class='ocrx_word' id='word_1_205' title='bbox 1706 2692 1822 2747; x_wconf 89' lang='lat' dir='ltr'>suis</span> <span class='ocrx_word' id='word_1_206' title='bbox 1857 2691 2122 2750; x_wconf 84' lang='lat' dir='ltr'>ditionem</span> <span class='ocrx_word' id='word_1_207' title='bbox 2151 2674 2340 2774; x_wconf 62' lang='lat' dir='ltr'>suamll</span> 
     </span>
     <span class='ocr_line' id='line_1_26' title="bbox 389 2778 2340 2877; baseline -0.001 -27"><span class='ocrx_word' id='word_1_208' title='bbox 389 2793 678 2869; x_wconf 75' lang='lat' dir='ltr'>aequaliter</span> <span class='ocrx_word' id='word_1_209' title='bbox 711 2792 927 2862; x_wconf 84' lang='lat' dir='ltr'>dividit,</span> <span class='ocrx_word' id='word_1_210' title='bbox 974 2810 1105 2847; x_wconf 92' lang='lat' dir='ltr'>cum</span> <span class='ocrx_word' id='word_1_211' title='bbox 1144 2809 1208 2846; x_wconf 89' lang='lat' dir='ltr'>ea</span> <span class='ocrx_word' id='word_1_212' title='bbox 1234 2796 1425 2846; x_wconf 90' lang='lat' dir='ltr'>tamen</span> <span class='ocrx_word' id='word_1_213' title='bbox 1453 2790 1796 2858; x_wconf 87' lang='lat' dir='ltr'>conditione,</span> <span class='ocrx_word' id='word_1_214' title='bbox 1841 2798 1905 2847; x_wconf 90' lang='lat' dir='ltr'>ut</span> <span class='ocrx_word' id='word_1_215' title='bbox 1941 2792 2136 2866; x_wconf 88' lang='lat' dir='ltr'>junior</span> <span class='ocrx_word' id='word_1_216' title='bbox 2165 2778 2340 2877; x_wconf 51' lang='lat' dir='ltr'>filiufffj</span> 
     </span>
     <span class='ocr_line' id='line_1_27' title="bbox 388 2878 2340 2983; baseline 0.001 -33"><span class='ocrx_word' id='word_1_217' title='bbox 388 2899 649 2968; x_wconf 90' lang='lat' dir='ltr'>nequeat,</span> <span class='ocrx_word' id='word_1_218' title='bbox 679 2894 893 2967; x_wconf 87' lang='lat' dir='ltr'>absque</span> <span class='ocrx_word' id='word_1_219' title='bbox 918 2898 1054 2948; x_wconf 90' lang='lat' dir='ltr'>natu</span> <span class='ocrx_word' id='word_1_220' title='bbox 1078 2891 1311 2965; x_wconf 87' lang='lat' dir='ltr'>majoris</span> <span class='ocrx_word' id='word_1_221' title='bbox 1342 2909 1595 2957; x_wconf 87' lang='lat' dir='ltr'>assensu,</span> <span class='ocrx_word' id='word_1_222' title='bbox 1620 2910 1750 2947; x_wconf 92' lang='lat' dir='ltr'>cum</span> <span class='ocrx_word' id='word_1_223' title='bbox 1784 2891 1980 2948; x_wconf 83' lang='lat' dir='ltr'>vicinis</span> <span class='ocrx_word' id='word_1_224' title='bbox 2012 2893 2200 2967; x_wconf 83' lang='lat' dir='ltr'>regnis</span> <span class='ocrx_word' id='word_1_225' title='bbox 2217 2878 2340 2983; x_wconf 55' lang='grc' dir='ltr'>ΠΙῇᾖ</span> 
     </span>
     <span class='ocr_line' id='line_1_28' title="bbox 387 2991 2309 3067; baseline 0.001 -16"><span class='ocrx_word' id='word_1_226' title='bbox 387 2996 506 3051; x_wconf 92' lang='lat' dir='ltr'>lum</span> <span class='ocrx_word' id='word_1_227' title='bbox 535 2995 718 3051; x_wconf 86' lang='lat' dir='ltr'>foedus</span> <span class='ocrx_word' id='word_1_228' title='bbox 755 2993 922 3060; x_wconf 89' lang='lat' dir='ltr'>inire;</span> <span class='ocrx_word' id='word_1_229' title='bbox 960 2993 1018 3048; x_wconf 91' lang='lat' dir='ltr'>in</span> <span class='ocrx_word' id='word_1_230' title='bbox 1054 2991 1289 3067; x_wconf 90' lang='lat' dir='ltr'>reliquis</span> <span class='ocrx_word' id='word_1_231' title='bbox 1315 2996 1500 3047; x_wconf 89' lang='lat' dir='ltr'>autem</span> <span class='ocrx_word' id='word_1_232' title='bbox 1529 3010 1762 3066; x_wconf 86' lang='lat' dir='ltr'>prorsus</span> <span class='ocrx_word' id='word_1_233' title='bbox 1786 2992 1854 3048; x_wconf 86' lang='lat' dir='ltr'>ab</span> <span class='ocrx_word' id='word_1_234' title='bbox 1890 2992 2129 3050; x_wconf 85' lang='lat' dir='ltr'>invicem</span> <span class='ocrx_word' id='word_1_235' title='bbox 2155 2995 2309 3067; x_wconf 53' lang='lat' dir='ltr'>index-3</span> 
     </span>
     <span class='ocr_line' id='line_1_29' title="bbox 385 3093 2317 3179; baseline 0 -28"><span class='ocrx_word' id='word_1_236' title='bbox 385 3096 693 3170; x_wconf 83' lang='lat' dir='ltr'>pendentes</span> <span class='ocrx_word' id='word_1_237' title='bbox 738 3096 869 3153; x_wconf 91' lang='lat' dir='ltr'>sint.</span> <span class='ocrx_word' id='word_1_238' title='bbox 928 3095 1007 3150; x_wconf 89' lang='lat' dir='ltr'>Ibi</span> <span class='ocrx_word' id='word_1_239' title='bbox 1068 3094 1242 3150; x_wconf 88' lang='lat' dir='ltr'>habes</span> <span class='ocrx_word' id='word_1_240' title='bbox 1293 3093 1406 3149; x_wconf 91' lang='lat' dir='ltr'>duo</span> <span class='ocrx_word' id='word_1_241' title='bbox 1451 3110 1622 3167; x_wconf 84' lang='lat' dir='ltr'>regna</span> <span class='ocrx_word' id='word_1_242' title='bbox 1669 3110 1797 3150; x_wconf 78' lang='lat' dir='ltr'>vere</span> <span class='ocrx_word' id='word_1_243' title='bbox 1839 3093 2129 3179; x_wconf 86' lang='lat' dir='ltr'>distincta,</span> <span class='ocrx_word' id='word_1_244' title='bbox 2181 3094 2317 3178; x_wconf 40' lang='lat' dir='ltr'>lice&amp;</span> 
     </span>
     <span class='ocr_line' id='line_1_30' title="bbox 385 3190 2312 3331; baseline 0 -80"><span class='ocrx_word' id='word_1_245' title='bbox 385 3214 567 3251; x_wconf 89' lang='lat' dir='ltr'>unum</span> <span class='ocrx_word' id='word_1_246' title='bbox 610 3196 678 3251; x_wconf 88' lang='lat' dir='ltr'>ab</span> <span class='ocrx_word' id='word_1_247' title='bbox 725 3197 902 3251; x_wconf 91' lang='lat' dir='ltr'>altero</span> <span class='ocrx_word' id='word_1_248' title='bbox 949 3194 1257 3270; x_wconf 88' lang='lat' dir='ltr'>dependeat</span> <span class='ocrx_word' id='word_1_249' title='bbox 1298 3193 1460 3266; x_wconf 89' lang='lat' dir='ltr'>eique</span> <span class='ocrx_word' id='word_1_250' title='bbox 1502 3191 1836 3266; x_wconf 81' lang='lat' dir='ltr'>subjiciatul</span> <span class='ocrx_word' id='word_1_251' title='bbox 1879 3194 2063 3266; x_wconf 88' lang='lat' dir='ltr'>quoad</span> <span class='ocrx_word' id='word_1_252' title='bbox 2104 3190 2312 3331; x_wconf 49' lang='grc' dir='ltr'>(Ιίοῑειῑηζ</span> 
     </span>
     <span class='ocr_line' id='line_1_31' title="bbox 384 3289 2245 3367; baseline 0 -18"><span class='ocrx_word' id='word_1_253' title='bbox 384 3293 593 3350; x_wconf 87' lang='lat' dir='ltr'>foedera</span> <span class='ocrx_word' id='word_1_254' title='bbox 611 3293 845 3350; x_wconf 91' lang='lat' dir='ltr'>ineundi</span> <span class='ocrx_word' id='word_1_255' title='bbox 861 3297 1129 3367; x_wconf 86' lang='lat' dir='ltr'>potestate</span> <span class='ocrx_word' id='word_1_256' title='bbox 1135 3310 1213 3346; x_wconf 89' lang='lat' dir='ltr'>m.</span> <span class='ocrx_word' id='word_1_257' title='bbox 1232 3290 1354 3345; x_wconf 90' lang='lat' dir='ltr'>Sint</span> <span class='ocrx_word' id='word_1_258' title='bbox 1368 3290 1538 3345; x_wconf 84' lang='lat' dir='ltr'>etiam</span> <span class='ocrx_word' id='word_1_259' title='bbox 1558 3289 1618 3344; x_wconf 91' lang='lat' dir='ltr'>in</span> <span class='ocrx_word' id='word_1_260' title='bbox 1638 3291 1962 3364; x_wconf 84' lang='lat' dir='ltr'>exemplum</span> <span class='ocrx_word' id='word_1_261' title='bbox 1982 3292 2093 3349; x_wconf 92' lang='lat' dir='ltr'>duo</span> <span class='ocrx_word' id='word_1_262' title='bbox 2112 3310 2245 3367; x_wconf 85' lang='lat' dir='ltr'>regn</span> 
     </span>
     <span class='ocr_line' id='line_1_32' title="bbox 384 3356 2248 3467; baseline -0.003 -18"><span class='ocrx_word' id='word_1_263' title='bbox 384 3411 632 3467; x_wconf 89' lang='lat' dir='ltr'>quorum</span> <span class='ocrx_word' id='word_1_264' title='bbox 671 3409 852 3447; x_wconf 89' lang='lat' dir='ltr'>unum</span> <span class='ocrx_word' id='word_1_265' title='bbox 901 3388 1072 3445; x_wconf 85' lang='lat' dir='ltr'>armis</span> <span class='ocrx_word' id='word_1_266' title='bbox 1114 3388 1183 3443; x_wconf 90' lang='lat' dir='ltr'>ab</span> <span class='ocrx_word' id='word_1_267' title='bbox 1216 3356 1391 3443; x_wconf 78' lang='lat' dir='ltr'>altero</span> <span class='ocrx_word' id='word_1_268' title='bbox 1430 3392 1783 3462; x_wconf 80' lang='lat' dir='ltr'>supelatum,</span> <span class='ocrx_word' id='word_1_269' title='bbox 1829 3407 2023 3463; x_wconf 89' lang='lat' dir='ltr'>pacem</span> <span class='ocrx_word' id='word_1_270' title='bbox 2066 3388 2248 3464; x_wconf 92' lang='lat' dir='ltr'>postul</span> 
     </span>
     <span class='ocr_line' id='line_1_33' title="bbox 384 3483 2308 3576; baseline -0.002 -27"><span class='ocrx_word' id='word_1_271' title='bbox 384 3499 551 3566; x_wconf 89' lang='lat' dir='ltr'>atque</span> <span class='ocrx_word' id='word_1_272' title='bbox 572 3491 784 3547; x_wconf 86' lang='lat' dir='ltr'>obtinet</span> <span class='ocrx_word' id='word_1_273' title='bbox 805 3488 906 3544; x_wconf 88' lang='lat' dir='ltr'>sub</span> <span class='ocrx_word' id='word_1_274' title='bbox 925 3485 1294 3562; x_wconf 87' lang='lat' dir='ltr'>sequentibus</span> <span class='ocrx_word' id='word_1_275' title='bbox 1316 3485 1761 3543; x_wconf 84' lang='lat' dir='ltr'>conditionibus:</span> <span class='ocrx_word' id='word_1_276' title='bbox 1796 3489 1945 3561; x_wconf 92' lang='lat' dir='ltr'>quod</span> <span class='ocrx_word' id='word_1_277' title='bbox 1970 3506 2170 3564; x_wconf 91' lang='lat' dir='ltr'>nempe</span> <span class='ocrx_word' id='word_1_278' title='bbox 2187 3483 2308 3576; x_wconf 70' lang='lat' dir='ltr'>jani</span> 
     </span>
     <span class='ocr_line' id='line_1_34' title="bbox 387 3587 2300 3667; baseline -0.003 -17"><span class='ocrx_word' id='word_1_279' title='bbox 387 3597 630 3667; x_wconf 88' lang='lat' dir='ltr'>nequeat</span> <span class='ocrx_word' id='word_1_280' title='bbox 657 3591 868 3664; x_wconf 88' lang='lat' dir='ltr'>absque</span> <span class='ocrx_word' id='word_1_281' title='bbox 905 3587 1138 3646; x_wconf 77' lang='lat' dir='ltr'>victoris</span> <span class='ocrx_word' id='word_1_282' title='bbox 1163 3605 1419 3655; x_wconf 84' lang='lat' dir='ltr'>assensu,</span> <span class='ocrx_word' id='word_1_283' title='bbox 1455 3588 1631 3644; x_wconf 90' lang='lat' dir='ltr'>ullam</span> <span class='ocrx_word' id='word_1_284' title='bbox 1664 3588 1966 3644; x_wconf 88' lang='lat' dir='ltr'>militarem</span> <span class='ocrx_word' id='word_1_285' title='bbox 1996 3589 2180 3645; x_wconf 86' lang='lat' dir='ltr'>navim</span> <span class='ocrx_word' id='word_1_286' title='bbox 2209 3589 2300 3657; x_wconf 65' lang='lat' dir='ltr'>ha7</span> 
     </span>
     <span class='ocr_line' id='line_1_35' title="bbox 386 3659 2340 3768; baseline -0.001 -18"><span class='ocrx_word' id='word_1_287' title='bbox 386 3695 539 3762; x_wconf 84' lang='lat' dir='ltr'>here3</span> <span class='ocrx_word' id='word_1_288' title='bbox 571 3693 833 3768; x_wconf 91' lang='lat' dir='ltr'>quodque</span> <span class='ocrx_word' id='word_1_289' title='bbox 861 3690 919 3746; x_wconf 92' lang='lat' dir='ltr'>in</span> <span class='ocrx_word' id='word_1_290' title='bbox 943 3695 1227 3764; x_wconf 89' lang='lat' dir='ltr'>posterum</span> <span class='ocrx_word' id='word_1_291' title='bbox 1258 3695 1499 3763; x_wconf 88' lang='lat' dir='ltr'>nequeat</span> <span class='ocrx_word' id='word_1_292' title='bbox 1527 3690 1675 3746; x_wconf 87' lang='lat' dir='ltr'>ultra</span> <span class='ocrx_word' id='word_1_293' title='bbox 1701 3689 1899 3763; x_wconf 86' lang='lat' dir='ltr'>viginti</span> <span class='ocrx_word' id='word_1_294' title='bbox 1926 3690 2105 3746; x_wconf 89' lang='lat' dir='ltr'>millia</span> <span class='ocrx_word' id='word_1_295' title='bbox 2132 3659 2300 3749; x_wconf 39' lang='lat' dir='ltr'>homi‘ss</span> <span class='ocrx_word' id='word_1_296' title='bbox 2336 3759 2340 3761; x_wconf 40' lang='grc'><strong>,</strong></span> 
     </span>
    </p>
   </div>
   <div class='ocr_carea' id='block_1_3' title="bbox 397 282 1641 347">
    <p class='ocr_par' dir='ltr' id='par_1_3' title="bbox 397 282 1641 347">
     <span class='ocr_line' id='line_1_36' title="bbox 397 282 1641 347; baseline 0.002 -3"><span class='ocrx_word' id='word_1_297' title='bbox 397 298 484 345; x_wconf 75' lang='lat'><strong>‘288</strong></span> <span class='ocrx_word' id='word_1_298' title='bbox 520 335 523 338; x_wconf 83' lang='grc'>.</span> <span class='ocrx_word' id='word_1_299' title='bbox 949 282 965 297; x_wconf 73' lang='grc'><em>’</em></span> <span class='ocrx_word' id='word_1_300' title='bbox 1073 295 1365 345; x_wconf 73' lang='lat' dir='ltr'>TRAc‘rA‘an</span> <span class='ocrx_word' id='word_1_301' title='bbox 1395 299 1461 344; x_wconf 83' lang='lat' dir='ltr'>DE</span> <span class='ocrx_word' id='word_1_302' title='bbox 1491 300 1641 347; x_wconf 62' lang='grc' dir='ltr'><strong>ΡκΡΑ.</strong></span> 
     </span>
    </p>
   </div>
   <div class='ocr_carea' id='block_1_4' title="bbox 2313 2989 2340 3990">
    <p class='ocr_par' dir='ltr' id='par_1_4' title="bbox 2313 2989 2340 3990">
     <span class='ocr_line' id='line_1_37' title="bbox 2313 2989 2340 3990; baseline 0 0"><span class='ocrx_word' id='word_1_303' title='bbox 2313 2989 2340 3990; x_wconf 95' lang='lat' dir='ltr'> </span> 
     </span>
    </p>
   </div>
   <div class='ocr_carea' id='block_1_5' title="bbox 1761 3931 1791 3951">
    <p class='ocr_par' dir='ltr' id='par_1_5' title="bbox 1761 3931 1791 3951">
     <span class='ocr_line' id='line_1_38' title="bbox 1761 3931 1791 3951; baseline 0 0"><span class='ocrx_word' id='word_1_304' title='bbox 1761 3931 1791 3951; x_wconf 51' lang='lat' dir='ltr'>N</span> 
     </span>
    </p>
   </div>
  </div>
 </body>
</html>
