2340 3990
1310 207 1332 232 0

908 290 1036 340 PARS
1069 285 1290 343 eumn.
1944 277 2032 327 225

162 397 347 456 civiles
371 399 450 455 les
475 399 599 474 plus
625 398 903 473 capitales.
925 397 990 453 Sa
1010 400 1243 469 stupeur
1265 406 1335 447 en
1359 389 1500 444 cette
1522 385 1816 439 rencontre
1840 397 1911 437 ne
1933 381 2035 438 sait

162 515 270 571 que
302 498 516 554 donner
548 498 671 571 plus
705 496 772 553 de
807 495 927 571 prix
957 495 986 549 ὲ
1028 510 1128 549 son
1156 487 1517 562 temoignage.
1550 480 1700 538 Voici
1740 479 2034 555 quelques-

161 612 299 651 unes
327 596 434 651 des
450 593 713 651 autorites
739 591 835 665 qui
872 590 1013 646 l'ont
1050 587 1374 646 convaincu.
1401 584 1471 640 Le
1495 582 1635 657 Pape
1659 579 1806 637 saint
1839 575 2031 649 Sirice,

161 691 297 748 dans
321 709 379 748 sa
404 692 563 748 lettre
585 692 618 745 a·
642 688 881 754 Himere‚
911 690 1117 760 eveque
1143 685 1210 740 de
1238 684 1570 757 Tarragone,
1596 679 1708 735 l’an
1734 676 1864 747 585,
1897 675 2035 733 s’ex-

162 789 339 864 prime
361 787 535 845 ainsi:
569 787 638 842 De
661 785 738 840 his
775 803 892 840 vero
913 802 1019 840 non
1038 786 1317 854 inconyrue
1347 782 1551 837 dileetio
1584 787 1684 872 tua·
1701 777 2037 853 apostolicam

159 887 332 943 sedem
356 883 572 941 credidit
597 881 988 952 consulendam,
1017 882 1102 953 qui
1125 887 1243 935 acta
1266 881 1595 951 poenitentia,
1626 886 1868 951 tanquam
1886 891 2038 931 canes

159 1001 220 1039 ac
251 1000 368 1038 sues
397 981 466 1036 ad
495 980 711 1036 vomitus
748 981 1002 1052 pristinos
1034 986 1086 1034 et
1128 978 1196 1033 ad
1224 977 1494 1032 volutabra
1530 976 1828 1042 redeuntes,
1863 982 1915 1030 et
1942 976 2037 1030 mi-

162 1080 287 1135 litiae
323 1077 590 1151 cinqulum‚
624 1085 670 1132 et
695 1076 920 1132 ludicras
950 1065 1242 1148 voluptates
1282 1080 1331 1127 et
1354 1090 1489 1127 nova
1529 1073 1788 1145 conjugia,
1825 1079 1874 1127 et
1910 1073 2039 1127 inhi-

162 1177 291 1231 bitos
330 1175 492 1231 denuo
531 1175 825 1245 appetivere
865 1173 1179 1249 concubitus.
1223 1169 1452 1236 Quorum
1486 1171 1785 1240 professam
1822 1171 2039 1225 inconti-

160 1274 399 1338 nentiam,
426 1273 655 1344 yenerati
682 1279 799 1345 post
824 1272 1200 1327 absolutionem
1223 1268 1319 1341 lilii
1339 1267 1705 1340 prodiderunt.
1727 1266 1806 1321 De
1831 1268 2033 1339 quibus,

158 1372 275 1444 quia
292 1371 404 1442 jam
444 1372 728 1443 suffuyium
764 1389 867 1426 non
911 1371 1100 1426 habent
1139 1368 1447 1442 poenitendi,
1488 1366 1542 1422 id
1583 1366 1826 1422 duximus
1870 1367 2041 1422 decer·

155 1467 394 1532 nendum,
438 1475 495 1523 ut
534 1468 647 1523 sola
687 1470 827 1523 intra
864 1469 1129 1523 ecclesiam
1168 1465 1406 1539 fidelibus
1454 1466 1691 1519 oratione
1725 1465 2035 1535 junqantur‚

161 1583 318 1623 sacrae
341 1569 701 1638 mysteriorum
730 1567 1011 1622 celebritati
1036 1567 1264 1639 quamvis
1297 1582 1402 1619 non
1427 1570 1725 1618 mereantur
1754 1564 1995 1618 intersint
2020 1583 2036 1615 .-

163 1683 194 1722 a
231 1665 489 1720 dominicae
524 1672 699 1721 autem
738 1684 928 1721 mensae
970 1667 1198 1720 convivio
1234 1670 1587 1738 seyr-efflatur,
1624 1670 1681 1717 ut
1722 1659 1816 1717 hac
1853 1663 2040 1717 saltem

163 1764 475 1821 districtione
499 1766 741 1839 correpti,
778 1773 827 1820 et
856 1767 954 1837 ipsi
991 1768 1045 1820 in
1080 1783 1134 1819 se
1172 1782 1268 1819 sua
1295 1770 1473 1818 errata
1514 1764 1782 1833 castiqent‚
1829 1769 1878 1817 et
1921 1762 2039 1817 aliis

140 1846 444 1934 ,exemplum
491 1864 740 1927 tribuant,
788 1870 1037 1934 quatenus
1088 1862 1150 1916 ab
1179 1862 1425 1916 obscoenis
1461 1861 1829 1932 cupiditatibus
1868 1868 2036 1915 retra-

160 1957 362 2014 hantur.
394 1959 529 2026 Quos
557 1967 725 2015 tamen
754 1960 1019 2032 (quoniam
1047 1959 1244 2015 carnali
1276 1958 1565 2030 srayilitate
1591 1958 1898 2029 ceciderunt)
1927 1961 2033 2013 via-

157 2056 241 2112 tici
265 2076 475 2113 munere
513 2076 626 2113 cum
660 2058 728 2113 acl
760 2057 1040 2113 Dominum
1075 2058 1325 2129 eoeperint
1351 2057 1638 2128 proficisci,
1685 2074 1780 2127 per
1816 2074 2036 2111 commu-

155 2152 322 2207 nionis
335 2156 558 2224 qratiam
574 2156 805 2209 volumus
826 2154 1103 2209 sublevari.
1126 2151 1292 2219 Quam
1316 2153 1543 2224 formam
1568 2161 1617 2206 et
1643 2154 1777 2206 circa
1799 2155 2037 2208 mulieres

156 2267 261 2322 quae
292 2269 347 2307 se
374 2259 495 2325 post
526 2254 884 2326 poenitentiam
915 2252 1102 2307 talibus
1130 2251 1504 2324 pollutionibus
1538 2251 1901 2317 devinxerunt,
1933 2270 2038 2306 ser-

155 2349 374 2404 vandam
399 2369 509 2406 esse
534 2369 815 2406 censemus.
853 2350 1091 2422 (Collect.
1121 2348 1321 2406 concil.
1357 2348 1549 2417 Coleti,
1582 2353 1623 2403 t.
1655 2348 1717 2417 11,
1750 2369 1802 2423 p.
1840 2349 2031 2422 1214.)

156 2474 223 2484 —
246 2445 370 2502 L'an
411 2448 540 2521 558,
582 2449 632 2504 le
664 2447 947 2504 troisieme
987 2448 1198 2504 concile
1238 2447 1523 2503 d'Orleans
1561 2446 1727 2502 disait
1763 2447 1900 2503 dans
1937 2466 2035 2503 son

155 2541 246 2597 25⁰
270 2562 444 2601 canon
472 2566 483 2598 :
517 2546 573 2602 Si
600 2548 712 2619 quis
743 2548 1065 2620 poenitentiae
1093 2546 1439 2602 benedictione
1463 2552 1703 2618 suscepta
1729 2545 1797 2600 ad
1829 2546 2038 2601 saecula-

151 2658 258 2696 rem
282 2643 506 2699 habitum
534 2645 874 2717 militiamque
897 2647 1084 2700 reverti
1118 2644 1534 2717 praesumpserit,
1575 2645 1763 2699 viatico
1798 2662 2034 2699 concesso

151 2754 311 2810 usque
363 2739 432 2794 ad
481 2743 674 2796 exitum
721 2743 1247 2797 excommunicatione
1291 2741 1566 2814 plectatur.
1627 2740 1838 2813 (Colca,
1889 2746 1929 2796 t.
1971 2741 2031 2811 V,

152 2851 205 2907 p.
248 2835 438 2907 1280.)
467 2868 535 2878 —
569 2838 696 2893 L’an
725 2839 856 2907 452,
899 2839 952 2895 le
978 2839 1180 2895 second
1208 2838 1422 2895 concile
1459 2837 1674 2894 d'Arles
1713 2839 2035 2896 sanctionne

151 2945 257 2987 une
290 2931 587 3006 discipline
613 2952 808 2991 encore
834 2934 961 3009 plus
987 2937 1174 2991 severe
1199 2935 1335 2990 dans
1361 2952 1461 2990 son
1487 2935 1581 2990 21εξ
1614 2953 1791 2991 canon
1819 2958 1830 2991 :
1863 2936 2035 2992 Poeni·

155 3030 261 3081 tens
295 3046 624 3102 quaecumque
658 3031 898 3104 defuncto
925 3033 1034 3087 viro
1074 3031 1168 3085 alii
1199 3032 1389 3086 nubere
1415 3035 1877 3105 praesumpserit...
1919 3048 2035 3088 cum

157 3122 325 3180 eodem
345 3128 404 3182 ab
422 3127 665 3184 Ecclesiae
695 3129 954 3184 liminibus
987 3136 1243 3183 arceatur.
1266 3127 1371 3183 Hoc
1393 3131 1548 3183 etiam
1576 3130 1639 3185 de
1659 3133 1769 3186 viro
1800 3133 1855 3185 in
1874 3131 2034 3204 poenie

161 3219 314 3275 tentia
331 3228 499 3295 posito
518 3226 718 3299 placuit
747 3227 1027 3282 observari.
1069 3224 1276 3298 (Coleti,
1309 3232 1346 3281 t.
1378 3225 1436 3291 V,
1463 3245 1514 3300 p.
1548 3226 1628 3300 5.)
1648 3227 1866 3283 —L'an
1896 3226 2027 3295 540,

160 3309 211 3366 le
235 3319 464 3384 premier
493 3324 703 3380 concile
739 3324 805 3379 do
838 3324 1131 3380 Barcelone
1156 3323 1357 3397 parlait
1387 3323 1529 3380 ainsi
1563 3325 1630 3381 de
1660 3325 1712 3381 la
1745 3326 2030 3399 penitence

159 3407 448 3485 publique:
474 3418 784 3501 Poenitentes
807 3425 903 3478 viri
927 3430 1074 3477 tonso
1094 3425 1262 3494 capite
1277 3429 1329 3476 et
1351 3422 1590 3494 reliyioso
1611 3425 1788 3479 habitu
1806 3428 2025 3486 utentes,

145 3509 356 3597 jejuniis
395 3520 444 3569 et
480 3518 906 3577 obsecrationibus
943 3523 1064 3576 vitae
1111 3527 1309 3593 tempus
1352 3530 1610 3595 peraqant
1655 3522 1796 3593 (can.
1841 3521 1923 3589 (5).
1962 3518 2027 3574 Ut

148 3609 453 3675 paenitentes
477 3617 639 3687 epulis
664 3637 770 3675 non
793 3621 1035 3674 intersint
1058 3637 1148 3674 nec
1168 3622 1387 3690 neqotiis
1411 3638 1624 3691 operam
1649 3619 1769 3672 dent
1799 3618 1939 3689 (ean.
1972 3616 2023 3687 7,

378 3728 445 3761 ιιι.
1730 3719 1783 3764 15
