2340 3990
82 214 86 226 ’
858 236 983 285 mas
1012 235 1226 283 ocrAVA.
1901 233 1988 280 549

111 353 420 422 receptum,
460 345 528 400 ad
573 343 1012 401 constituendam
1052 340 1274 416 proprie
1309 332 1512 422 dictam
1555 353 1654 411 seu
1700 339 1987 410 perlectam

71 455 74 458 ’
113 446 581 509 ωοωηεηὶοὶεαιεητ,
611 461 720 499 non
750 442 881 498 satis
912 446 996 497 est
1022 458 1119 514 per
1157 439 1424 496 adunatos
1450 435 1746 510 Episcopos
1785 424 1990 510 reprae-

110 541 315 598 sentari
354 538 748 597 ecclesiasticas
789 555 981 594 omnes
1013 536 1345 610 provinciaS,
1393 533 1612 590 etiamsi
1646 532 1756 589 fere
1796 550 1988 589 omnes

110 658 175 696 ex
221 655 546 711 unaquaque
587 634 864 711 provincia
905 634 1155 708 Episcopi
1196 633 1577 699 convenerint3
1621 631 1719 687 sed
1760 631 1990 705 insuper

109 753 330 792 necesse
372 739 455 790 est
499 734 555 788 in
595 733 829 789 concilio
877 731 1259 805 repraesentari
1309 731 1479 787 totius
1523 721 1776 786 Ecclesiae
1824 735 1990 804 caput

106 833 415 888 Romanum
450 831 789 899 Pontificem,
821 830 1054 903 ejusque
1091 847 1382 886 assensum
1410 828 1631 883 concilii
1669 828 1804 884 actis
1840 845 1990 884 acee-

107 930 253 986 dere.
283 928 518 984 Concilia
545 928 693 983 enim
721 927 788 982 ab
827 927 1122 1000 apostolica
1168 926 1295 982 sede
1339 926 1650 999 reprobata,
1699 942 1800 999 pro
1843 943 1989 981 oecu-

108 1016 336 1081 manicis
362 1043 472 1080 non
499 1025 794 1094 habentur,
831 1041 934 1079 nec
965 1024 1067 1077 hoc
1096 1022 1320 1077 nomine
1352 1021 1535 1076 vocari
1563 1021 1765 1088 solent,
1795 1038 1987 1092 quam-

105 1121 182 1176 vis
213 1120 551 1176 oecumenica
590 1119 800 1174 fuerint
832 1118 932 1172 hoc
962 1134 1128 1171 sensu
1171 1116 1318 1187 quod
1357 1115 1474 1170 fere
1509 1132 1700 1170 omnes
1732 1116 1983 1171 omnium

103 1217 606 1273 Ecclesiasticarum
639 1212 1048 1288 provinciarum
1081 1210 1334 1285 Episcopi
1369 1210 1785 1265 intervenerint.
1829 1212 1987 1266 OEcu-

104 1314 387 1371 menicitas
410 1331 630 1387 nempe,
658 1331 722 1368 ex
754 1310 923 1367 sensu
945 1309 1274 1382 generaliter
1299 1314 1539 1382 recepto,
1569 1308 1795 1364 involvit
1820 1308 1986 1364 etiam

106 1411 321 1468 concilii
346 1411 750 1474 auctoritatem,
787 1427 853 1464 ex
872 1408 1169 1464 accedente
1197 1406 1430 1461 Romani
1458 1406 1704 1479 Episcopi
1729 1424 1985 1462 assensu.

105 1508 254 1564 Unde
276 1524 560 1581 perperam
584 1507 924 1579 loqueretur,
943 1505 1038 1578 qui
1069 1505 1211 1560 inter
1233 1503 1571 1560 oecumenica
1598 1505 1831 1560 concilia
1855 1505 1981 1561 illas

100 1604 265 1660 etiam
300 1606 651 1658 enumeraret
675 1602 929 1679 synodos,
967 1619 1203 1673 quarum
1231 1607 1348 1657 aeta
1377 1605 1431 1657 et
1460 1602 1675 1657 decreta
1702 1602 1892 1674 rejecit
1922 1620 1984 1657 ac

99 1700 411 1774 reprobavit
442 1699 605 1755 Sedes
634 1699 963 1772 Apostolica,
992 1700 1348 1772 quantumvis
1385 1702 1612 1772 (attento
1648 1701 1763 1755 solo
1800 1719 1978 1773 gram-

98 1799 338 1855 maticali
363 1798 510 1853 vocis
553 1799 738 1869 sensu)
782 1797 1131 1854 oecumenica]
1161 1797 1388 1853 fuerint.
1425 1799 1559 1853 Item
1594 1797 1822 1854 concilia
1871 1800 1982 1870 (va-

96 1901 253 1951 cante
292 1895 427 1951 Sede
452 1896 713 1961 Romana‚
753 1900 848 1950 aut
879 1894 1134 1968 pluribus
1176 1896 1242 1951 de
1278 1902 1478 1970 papatu
1514 1895 1978 1952 contendentibus

96 1990 230 2062 quin
256 2008 412 2046 verus
436 1991 677 2063 dignosci
704 1993 878 2047 valeat
903 1992 1192 2065 Pontifex),
1222 1992 1428 2065 absque
1449 1993 1680 2047 Romani
1703 1993 1976 2049 Pontificis

94 2079 404 2138 interventu
433 2085 726 2155 celebrata,
766 2093 818 2142 et
843 2087 1084 2159 legitima
1115 2106 1235 2143 esse
1261 2094 1510 2161 possunt,
1545 2093 1598 2144 et
1633 2088 1973 2145 oecumenica

98 2176 154 2231 in
186 2181 584 2251 grammaticali
611 2182 758 2238 vocis
786 2202 972 2239 sensu,
1008 2185 1123 2239 Non
1152 2192 1335 2240 tamen
1368 2185 1695 2257 simpliciter
1731 2203 1828 2242 seu
1850 2204 1973 2258 per-

97 2276 229 2346 fecte
257 2282 561 2334 oecumenica
589 2288 734 2337 recte
766 2282 872 2337 dici
907 2289 1159 2356 possunt,
1183 2283 1299 2338 ‘sed
1329 2285 1626 2355 imperfecte
1657 2286 1976 2340 oeczunenicis

99 2378 226 2426 sunt
259 2373 692 2430 adnumeranda.
728 2377 900 2449 Igitur
926 2378 1378 2450 distinguendum
1413 2387 1493 2434 est
1522 2381 1818 2436 concilium
1853 2399 1979 2455 pro-

99 2467 214 2539 prie
237 2486 333 2524 seu
358 2475 586 2543 perfecte
604 2477 982 2545 oecumenicum,
1018 2493 1047 2530 a
1073 2476 1306 2532 concilio
1329 2479 1622 2550 imperfecte
1644 2481 1971 2544 oecumenico;

99 2569 151 2618 et
180 2567 448 2637 posterius
479 2568 534 2622 in
562 2570 874 2642 legitimum
907 2573 989 2627 vel
1022 2572 1374 2646 illegitimum
1401 2576 1882 2632 subdividendum.
1915 2578 1975 2632 In

98 2660 404 2718 delinienda
427 2671 610 2722 autem
638 2669 976 2725 oecumenica
1010 2671 1235 2746 synodO,
1266 2673 1624 2728 describenda
1656 2680 1738 2729 est
1770 2675 1983 2729 solum-

103 2756 260 2811 modo
279 2762 503 2831 perfecte
534 2767 861 2831 oecmnenica5
881 2765 1008 2837 quia
1033 2767 1166 2821 dum
1203 2767 1533 2839 simpliciter
1564 2775 1616 2822 et
1650 2769 1767 2823 sine
1797 2769 1982 2824 addito

98 2853 279 2926 agitur
302 2856 367 2909 de
393 2860 698 2914 ‹ececmenica
725 2861 952 2936 synodO,
989 2862 1042 2916 id
1068 2863 1133 2918 de
1160 2864 1401 2935 perfecta
1424 2865 1863 2920 oecumenicitate
1891 2866 1983 2921 in-

100 2949 461 3022 telligendum
491 2960 593 3008 est.

176 3048 228 3102 5⁰
258 3048 518 3104 Nonnulli
561 3058 811 3109 auctores
852 3058 1214 3111 oecumem'cum
1257 3057 1401 3112 inter
1438 3066 1490 3113 et
1528 3060 1766 3129 ,qenerale
1797 3061 1979 3116 conei-

87 3142 237 3198 *lium
268 3146 564 3204 discrimen
595 3150 817 3224 aliquod
849 3160 1079 3226 ponunt.
1116 3155 1193 3210 Ita
1235 3173 1435 3229 nempe
1474 3162 1534 3211 ut
1563 3159 1816 3228 qeneralis
1860 3177 1983 3213 cou-

101 3241 213 3296 cilii
246 3245 617 3303 denominatio
660 3249 925 3321 involvat,
974 3259 1095 3309 tum
1134 3272 1224 3310 eas
1277 3255 1509 3328 synodos
1550 3275 1686 3328 quas
1738 3256 1979 3329 perfecte

102 3342 497 3415 oecumenicaS,
541 3350 658 3400 tum
699 3364 789 3403 eas
838 3348 1003 3405 etiam
1053 3370 1189 3424 quas
1236 3351 1557 3425 imperfecte
1607 3352 1975 3407 oecumenicas

105 3437 372 3505 diximus3
405 3441 622 3497 concilii
648 3450 830 3501 autem
858 3451 1168 3513 oecumenici,
1201 3468 1312 3505 non
1339 3450 1446 3504 nisi
1475 3450 1712 3521 perfecte
1738 3466 1973 3504 oecume-

102 3532 254 3589 nicas
311 3535 577 3609 designet.
636 3538 724 3596 Sic
775 3542 927 3598 verbi
972 3544 1146 3616 gratia
1212 3545 1444 3617 theologi
1500 3544 1978 3619 wirceburgenses
