2340 4062
817 270 944 318 PARS
973 270 1193 322 QUARTA.
1879 267 1934 313 97

75 389 159 442 est
183 381 539 438 enticrement
565 378 713 434 faux.
740 375 916 446 Enfin,
954 374 992 430 il
1017 374 1152 449 jette
1186 373 1408 448 l'injure
1433 372 1767 445 d'iynorance
1791 389 1941 427 exor-

75 481 264 536 bitante
289 494 385 533 sur
409 473 727 532 l’ensemble
755 473 852 529 des
878 471 1159 527 doctrines
1180 489 1281 545 par
1303 474 1532 544 rapport
1559 487 1630 524 au
1660 468 1806 524 droit
1838 486 1939 541 pu-

77 574 207 642 blic,
233 571 543 628 accusation
568 586 673 643 que
694 567 819 623 rien
843 584 914 623 ne
936 566 1148 639 justitie
1177 585 1277 624 sur
1303 584 1364 623 ce
1388 565 1559 640 point.

95 696 97 699 ⁴
152 668 368 740 Objectio
410 666 482 722 4¹.
510 695 579 704 —
598 661 686 718 Sic
709 659 907 734 exponi
931 665 1142 734 potest:
1173 678 1203 716 a
1236 660 1436 717 scholae
1467 659 1784 716 doctoribus
1805 677 1945 715 una-

77 764 299 821 nimiter
325 780 422 837 pro
450 758 613 817 certis
641 762 695 813 et
717 755 1038 812 indubitatis
1059 755 1243 811 habita
1270 763 1401 812 sunt
1433 757 1592 830 plura
1617 755 1754 811 facta
1778 754 1941 811 histo-

78 861 213 926 rica,
243 875 476 933 quorum
508 853 717 910 falsitas
753 851 914 908 hodie
940 851 1150 907 nemini
1172 851 1337 907 dubia
1361 859 1470 918 est3
1495 852 1647 908 verbi
1668 852 1840 925 gratia
1861 852 1950 908 do-

79 957 325 1013 nationes
348 951 687 1027 imperatoris
721 946 1079 1016 Constantini,
1107 947 1258 1002 falsae
1279 947 1606 1018 decretales,
1641 956 1695 1004 et
1723 949 1947 1004 similia.

82 1054 216 1127 Ergo
255 1053 536 1108 Doctorum
569 1047 768 1104 scholae
804 1045 984 1121 quoad
1026 1043 1335 1101 doctrinam
1361 1045 1617 1124 'aliquam
1640 1046 1946 1115 consensiO,

79 1167 199 1206 eam
223 1165 402 1205 veram
425 1163 544 1202 esse
563 1162 674 1200 non
703 1142 916 1218 probat.
943 1141 1021 1196 En
1053 1141 1217 1197 verba
1244 1140 1517 1197 Bossuetii
1548 1161 1558 1193 :
1592 1163 1618 1192 «
1645 1141 1794 1196 Mitto
1819 1141 1953 1196 Con-

83 1244 303 1303 stantini
329 1243 668 1315 aliorumque
699 1239 867 1295 falsas
893 1238 1235 1308 110ῃο110005,
1267 1237 1547 1310 salsasque
1577 1237 1946 1292 decretales...
2023 1316 2029 1320 .

82 1343 202 1400 llaee
231 1360 330 1399 nos
360 1341 648 1397 admonent
683 1356 753 1394 ne
794 1335 1069 1409 imperitis
1096 1335 1314 1391 saeculis
1339 1335 1525 1390 omnia
1555 1334 1889 1390 tribuamus,
1923 1359 1948 1387 »

87 1441 166 1514 (Τ.
195 1440 389 1507 ΧΧΧΙΙ,
415 1456 536 1512 pag.
568 1438 659 1505 76,
687 1436 818 1492 edit.
848 1433 1227 1503 Lehe11817.)

161 1537 529 1609 Respondetur.
550 1567 616 1575 —
635 1533 797 1588 Aliud
824 1539 905 1588 est
928 1550 957 1587 a
980 1530 1297 1586 doctoribus
1320 1530 1519 1587 scholae
1549 1532 1758 1605 aliquid
1785 1532 1956 1588 asseri

92 1638 344 1706 tanquam
363 1636 550 1705 factum
576 1633 887 1695 historicum,
913 1634 966 1685 et
986 1628 1135 1684 aliud
1157 1629 1224 1683 ab
1258 1628 1335 1684 eis
1362 1646 1552 1684 verum
1576 1635 1629 1684 et
1645 1615 1957 1685 ‘tenendum

95 1729 420 1802 propugnari
429 1731 513 1798 jus
530 1729 770 1797 doymave
784 1726 1025 1797 aliquod.
1043 1725 1113 1779 De
1130 1726 1403 1781 factorum
1421 1726 1808 1782 historicorum
1832 1727 1962 1782 crisi

96 1842 285 1897 parum
319 1829 591 1892 curanteS,
630 1823 766 1878 sacta
794 1822 1062 1895 ejusmodi
1083 1840 1190 1876 11011
1220 1840 1390 1895 pauca
1413 1829 1571 1895 prout
1592 1824 1659 1878 ab
1682 1823 1959 1879 historicis

96 1928 223 1977 tunc
257 1920 609 1975 tradebantur
641 1920 946 1991 allegarunt
983 1924 1035 1973 et
1078 1923 1223 1973 certa
1256 1936 1482 1974 erronee
1515 1926 1863 1992 reputarunt.
1896 1924 1962 1976 At

95 2018 377 2073 consensio
404 2018 686 2072 doctorum
715 2016 913 2071 scholae
936 2015 1024 2070 cui
1047 2015 1125 2070 vis
1151 2015 1418 2088 probandi
1442 2016 1721 2085 tribuitur,
1759 2018 1962 2090 nequa-

92 2129 253 2187 quam
290 2111 617 2181 intelligitur
655 2110 940 2166 consensio
978 2110 1122 2165 eirca
1161 2111 1299 2165 facta
1339 2111 1619 2182 historica,
1663 2112 1754 2166 sed
1801 2113 1959 2167 dum-

91 2212 230 2263 taxat
260 2212 311 2262 et
339 2206 560 2279 praecise
597 2206 883 2262 consensio
914 2206 1056 2261 circa
1079 2207 1294 2278 dogma.
1323 2208 1479 2263 Enim
1500 2227 1623 2263 vero
1650 2227 1758 2264 non
1784 2215 1961 2282 potest

90 2303 331 2359 Christus
354 2303 613 2358 Dominus
651 2303 967 2376 permittere
999 2310 1060 2358 ut
1101 2303 1348 2359 doctores
1379 2312 1562 2360 errent
1593 2309 1962 2362 communiter
1992 2339 1995 2341 Δ

89 2401 231 2457 circa
261 2401 478 2473 dogma,
503 2400 629 2472 quia
659 2401 738 2456 sic
767 2400 1003 2456 Ecclesia
1031 2400 1149 2474 ipsa
1169 2400 1225 2455 in
1255 2400 1360 2457 fide
1384 2408 1611 2458 erraret.
1644 2404 1707 2456 At
1732 2421 1961 2460 neeesse

90 2517 198 2554 non
234 2503 314 2554 est
337 2503 397 2553 ut
419 2516 444 2552 a
466 2498 644 2554 divina
676 2499 1014 2572 providentia
1041 2499 1409 2572 praepediatur
1429 2501 1737 2556 communis
1765 2519 1960 2558 eorum

92 2613 244 2652 error
266 2595 407 2651 circa
437 2596 638 2652 sactum
672 2597 894 2670 aliquod
932 2597 1283 2668 historicum,
1321 2599 1560 2672 dogmati
1598 2600 1741 2654 haud
1774 2619 1960 2657 neces—

93 2694 237 2750 sario
270 2711 604 2759 connexum;
642 2694 945 2768 praesertim
982 2695 1028 2750 si
1068 2695 1280 2751 factum
1310 2695 1458 2751 istud
1491 2716 1600 2751 non
1630 2716 1692 2752 ea:
1721 2701 1958 2771 professo

93 2789 426 2862 desquirant,
476 2790 567 2846 sed
610 2809 703 2864 per
754 2797 1105 2847 transennam
1148 2800 1475 2861 memorent,
1521 2813 1714 2850 verum
1758 2815 1959 2870 suppo-

92 2885 286 2940 nendo.
315 2886 481 2956 Igitur
499 2904 560 2940 ex
581 2904 643 2942 00
665 2887 809 2959 quod
824 2888 967 2943 circa
992 2888 1128 2944 facta
1155 2889 1403 2962 quaedam
1430 2890 1688 2946 historica
1709 2892 1959 2948 doctores

92 2980 286 3034 scholae
308 2979 673 3036 communiter
693 2982 1014 3048 erraverint,
1044 3001 1392 3057 nequaquam
1417 2986 1670 3059 sequitur
1690 3005 1780 3043 eos
1808 3007 1959 3044 com-

94 3075 331 3131 muniter
353 3094 533 3132 errare
573 3095 729 3150 posse
767 3078 822 3133 in
858 3078 1255 3151 quaestionibus
1282 3081 1627 3154 dogmaticis,
1665 3083 1848 3156 qualis
1876 3090 1958 3139 est

96 3176 147 3225 et
172 3171 271 3227 ista
304 3196 314 3226 :
347 3192 479 3229 num
524 3175 772 3230 Ecclesiae
810 3176 935 3249 jure
974 3176 1156 3232 divino
1198 3185 1470 3253 competat
1508 3199 1666 3252 reges
1698 3181 1753 3235 in
1794 3182 1957 3254 certis

98 3266 312 3324 casibus
350 3270 651 3343 deponendi
697 3278 949 3346 potestas
991 3274 1265 3331 Nimirum
1307 3277 1373 3333 dc
1397 3278 1528 3333 solis
1555 3279 1954 3352 quaestionihus

98 3362 411 3433 dogmaticis
446 3366 773 3441 intelligitur
796 3375 848 3425 et
872 3370 1096 3427 omnino
1117 3373 1347 3428 tenenda
1375 3380 1456 3430 est
1494 3375 1800 3431 Melcliioris
1825 3375 1952 3430 Cani

98 3459 339 3514 doctrina
373 3482 384 3513 t
423 3463 477 3519 Si
504 3484 600 3536 qua
635 3469 688 3521 in
715 3470 994 3539 quaestione
1015 3471 1238 3524 universi
1272 3473 1488 3543 theoloyi
1517 3474 1689 3527 eadem
1727 3475 1859 3526 inter
1902 3488 1957 3522 se

101 3558 387 3620 concinunt,
427 3564 651 3632 profecto
682 3566 726 3618 si
762 3566 814 3619 in-
851 3583 907 3619 eo
942 3574 1137 3631 errant,
1168 3568 1446 3624 Ecclesiam
1481 3572 1599 3624 item-
1620 3569 1848 3641 periculo
1876 3585 1957 3620 er—

334 3674 398 3704 m.
1694 3672 1717 3715 7
