2352 4126
897 361 1028 408 PARS
1048 359 1255 414 QUARTA
1265 394 1276 405 .
1968 358 2023 404 41

157 472 365 528 rivatur
388 469 449 524 in
474 484 703 543 corpora
727 489 739 522 ε
768 466 949 541 primo
975 466 1200 540 quidem
1231 465 1287 520 in
1311 462 1565 540 praesenti
1588 463 1701 520 vita
1733 463 2027 537 temporali

150 586 249 644 per
263 568 567 624 virtuosam
593 564 998 655 operationem}
1016 564 1146 637 quia
1172 563 1481 619 deserviunt
1506 561 1623 637 ipsa
1643 560 1951 635 corporalia
1972 565 2027 617 et

156 664 482 740 temporalia
507 662 706 719 animae
732 666 786 717 et
812 659 1091 734 spirituali
1117 665 1326 716 naturae
1351 660 1419 715 ad
1445 658 1688 714 virtuosa
1715 675 1881 732 opera
1905 662 2024 713 tan-

148 781 317 836 quam
359 777 561 834 organa
611 764 666 815 et
709 758 1151 813 instrumenta...
1202 757 1464 830 Regimen
1511 757 1680 830 igitur
1724 754 2028 831 spiritualis

148 865 381 931 naturae‚
414 858 472 914 in
495 854 751 930 praesenti
779 854 886 910 vita
915 853 1229 927 temporali,
1273 854 1553 947 derivatur
1578 854 1637 909 in
1671 871 1900 927 corpora
1930 870 2029 927 per

156 959 455 1015 virtuosam
495 953 890 1030 operationem.
933 953 994 1007 ln
1036 952 1145 1008 vita
1178 970 1309 1007 vero
1352 957 1555 1008 aeterna
1596 952 1935 1008 derivabitur
1972 951 2031 1007 in

150 1073 379 1131 corpora
414 1071 513 1129 per
536 1051 1060 1126 glorificationem...
1094 1051 1195 1106 Per
1223 1055 1548 1124 potestatem
1591 1068 1720 1122 ergo
1759 1051 2024 1120 clavium,

146 1171 269 1228 quae
294 1151 598 1227 spiritualis
624 1154 724 1215 est,
754 1149 894 1223 Papa
920 1154 1121 1223 praeest
1144 1147 1526 1223 spiritualibus
1552 1153 1604 1202 et
1628 1149 2028 1221 temporalibus
2053 1155 2059 1164 '

148 1248 409 1306 membris
427 1247 698 1303 Ecclesiae.
730 1279 796 1288 ——
830 1246 907 1300 Ad
933 1245 1181 1320 primum
1222 1262 1352 1317 ergo
1386 1242 1704 1309 dicendum,
1746 1243 1893 1317 quod
1933 1263 2029 1318 po-

145 1352 345 1403 testate
370 1346 610 1402 clavium
636 1345 883 1420 aperitur
904 1362 1140 1418 regnum
1169 1343 1458 1412 coelorum,
1492 1347 1545 1397 et
1584 1360 1820 1415 regnum
1858 1347 2030 1398 terre-

145 1461 291 1499 num
313 1461 411 1517 per
436 1443 555 1516 ejus
582 1442 1007 1510 institutionem,
1028 1446 1081 1497 et
1105 1440 1582 1496 confirmationem
1611 1439 1657 1494 si
1685 1439 1789 1495 rite
1806 1444 1859 1494 et
1878 1439 2028 1511 juste

141 1539 578 1606 administretur,
619 1557 718 1613 per
747 1539 865 1612 ejus
902 1538 1301 1613 depositionem
1335 1543 1388 1592 et
1426 1536 1947 1592 condemnationem
1980 1536 2028 1590 si

142 1638 209 1693 ab
239 1638 424 1711 aliquo
460 1638 663 1712 injuste
691 1643 993 1712 usurpetur
1017 1637 1100 1693 vel
1130 1637 1274 1692 male
1304 1635 1744 1691 administretur.
1769 1657 1795 1687 »

221 1737 532 1809 Eoecerptum
571 1755 634 1793 ex
672 1737 888 1792 articulo
934 1737 968 1791 4
1010 1738 1308 1808 quaestionis
1339 1755 1470 1789 xxvi.
1504 1768 1574 1775 —
1604 1735 1847 1790 «Utrum
1885 1735 2024 1808 Papa

146 1827 337 1888 debeat
360 1834 559 1906 punire
585 1840 843 1907 tyrannos
870 1851 1031 1906 poena
1054 1833 1363 1906 temporali,
1394 1833 1479 1888 vel
1508 1833 1783 1906 spirituali
1817 1833 2022 1889 solum.

144 1961 219 1970 —
249 1929 328 1984 Ad
366 1936 623 2002 quartum
649 1929 728 1984 sic
755 1929 1092 2002 proceditur.
1118 1929 1346 1985 Videtur
1384 1930 1533 1986 enim
1568 1932 1712 2002 quod
1747 1931 1888 2003 Papa
1914 1947 2026 1985 non

150 2027 344 2081 debeat
369 2032 630 2099 tyrannos
658 2027 855 2100 punire
883 2044 1040 2100 poena
1066 2027 1376 2100 temporali,
1405 2027 1498 2082 sed
1520 2028 1798 2101 spirituali
1819 2028 2023 2083 solum.

144 2122 414 2178 Scribitur
449 2123 670 2178 enim...
713 2125 976 2180 Praeterea
1018 2125 1152 2180 dicit
1185 2124 1501 2198 GregoriUS,
1547 2131 1599 2181 et
1636 2129 1862 2198 ponitur
1893 2126 2021 2197 XIII,

143 2237 197 2292 q.
235 2238 356 2273 vm:
405 2219 462 2275 Si
506 2221 558 2274 in
593 2227 759 2274 morte
794 2220 1247 2292 Lonqobardorum
1286 2239 1366 2275 me
1405 2224 1690 2276 immiscere
1722 2221 2018 2288 voluissem,

143 2314 292 2368 hodie
332 2313 791 2387 Lonyobardorum
830 2333 952 2386 qens
984 2333 1076 2369 nee
1106 2333 1265 2385 reqna
1299 2334 1392 2370 nec
1434 2317 1612 2371 (liccem
1655 2319 1883 2371 haberet.
1921 2318 2027 2373 Sed

149 2412 268 2482 quia
301 2411 463 2467 Deum
490 2414 659 2480 timeO,
709 2415 763 2467 in
803 2421 968 2468 morte
998 2413 1264 2484 cujuslibet
1307 2414 1525 2468 hominis
1562 2432 1643 2468 me
1669 2416 1882 2469 miscere
1916 2417 2027 2486 sor-

155 2508 316 2563 mido,
342 2508 481 2582 Papa
514 2526 639 2581 ergo
666 2515 924 2584 tyrannos
950 2528 1062 2565 non
1099 2510 1259 2565 debet
1297 2510 1498 2584 punire
1542 2528 1703 2584 poena
1736 2511 2025 2585 temporali

151 2603 245 2658 sed
271 2604 983 2680 spirituali.—Respondeo
1010 2607 1305 2662 dicendum
1332 2608 1477 2680 quod
1497 2607 1628 2663 ordo
1652 2607 1849 2663 divinae
1860 2608 2024 2681 justi-

150 2699 236 2755 tiae
287 2703 523 2774 requirit
565 2710 627 2759 ut
673 2706 975 2761 secundum
1017 2704 1535 2779 multiplicationem
1588 2706 1882 2779 culparum
1933 2707 2022 2762 fiat

148 2797 535 2871 multiplicatio
571 2819 929 2875 poenarum...
959 2803 1050 2857 Est
1074 2807 1259 2858 autem
1296 2802 1354 2856 in
1392 2802 1630 2857 Ecclesia
1665 2802 1868 2876 duplex
1895 2804 2021 2859 uni-

146 2897 257 2946 tas:
288 2909 398 2946 una
426 2894 805 2950 membrorum
834 2896 903 2951 ad
923 2895 1180 2965 invicem,
1206 2895 1314 2951 alia
1335 2897 1717 2953 membrorum
1739 2900 1808 2955 ad
1833 2905 2017 2974 caput,

149 2994 209 3043 ut
236 3006 402 3063 supra
431 2991 637 3047 dictum
661 2998 762 3048 est.
790 2993 843 3048 si
870 3011 998 3066 ergo
1024 2993 1246 3070 tyranni
1277 2994 1630 3052 inveniantur
1659 2998 1882 3054 turbare
1906 2998 2019 3072 pri-

146 3103 291 3140 mam
336 3088 629 3159 unitatem,
672 3095 893 3164 propter
933 3109 1125 3146 eorum
1169 3092 1518 3167 tyrannicam
1562 3094 1879 3150 violentiam
1920 3114 2022 3170 pu-

143 3180 331 3238 niendi
366 3190 498 3240 sunt
526 3204 683 3259 poena
716 3187 1011 3261 spirituali.
1048 3186 1151 3242 Sed
1175 3187 1222 3243 si
1258 3187 1315 3242 in
1355 3194 1567 3245 tantum
1597 3192 1874 3264 progressi
1906 3192 2020 3248 fue-

144 3274 256 3331 rint
297 3280 532 3350 malum‚
578 3287 641 3337 ut
688 3283 857 3338 velint
898 3282 1222 3356 perturbare
1270 3284 1540 3340 unitatem
1585 3287 1881 3342 secundam
1918 3302 2017 3358 per

151 3388 338 3430 eorum
366 3379 710 3435 manifestam
734 3382 1123 3455 resistentiam,
1154 3382 1424 3455 puniendi
1453 3390 1585 3440 sunt
1615 3403 1774 3459 poena
1806 3392 2012 3456 tempo-

143 3467 416 3528 rali.Dicit
440 3477 588 3532 enim
613 3478 976 3551 AugustinuS,
995 3480 1053 3535 in
1078 3479 1220 3535 libro
1245 3480 1312 3535 III
1339 3482 1402 3537 de
1422 3501 1546 3538 vera
1560 3484 1848 3556 Reli9i0ne‚
1865 3477 2011 3552 quod

143 3571 343 3636 quanto
378 3569 626 3628 homines
661 3574 947 3632 dulcedine
980 3575 1256 3630 bonorum
1295 3575 1628 3634 inferiorum
1660 3576 1833 3647 magis
1871 3571 2014 3627 deci-

144 3660 410 3734 piuntur,·
425 3670 574 3723 tanto
597 3671 772 3743 magis
799 3672 1167 3729 amaritudine
1189 3690 1477 3747 poenarum
1503 3674 1701 3730 debent
1727 3666 2005 3726 erudiri...
