2340 3990
373 275 461 322 388
1042 275 1337 322 TRACTATUS
1367 275 1434 322 DE
1463 277 1612 324 PAPA.

372 386 604 456 apparet
636 382 695 438 in
721 381 955 455 septima
987 379 1244 437 orientali
1271 381 1540 459 synodo²‚
1578 383 1725 440 ubi
1711 403 1771 440 1n
1797 387 2040 443 secunda
2073 390 2340 477 actionQ

372 479 633 536 monachi
682 477 893 552 pariter
933 477 1276 536 advocantur
1316 480 1384 536 ad
1422 499 1581 538 suam
1621 484 1959 541 sententiam
2007 486 2340 560 proferena«

370 578 518 633 dam.
561 576 667 631 Et
654 595 712 631 1n
750 577 971 634 actione
1007 583 1206 652 quarta
1229 579 1699 638 Archimandritae
1737 587 1791 639 et
1831 583 2154 658 Hegumeni,
2184 588 2317 654 hocf*

368 680 472 742 est,
500 675 763 743 ductores,
798 675 971 733 unius
998 678 1085 733 vel
1115 678 1370 752 plurium
1393 680 1866 738 monasteriorum
1887 684 2284 758 praefecturam
2307 687 2314 739 Ῑ

367 779 645 845 gerentes,
675 789 790 828 una
827 791 959 829 cum
987 773 1272 849 Episcopis
1313 793 1414 832 sua
1449 777 1677 834 nomina
1716 779 1957 836 decretis
1988 780 2116 837 fidei
2158 782 2299 839 sub--

366 871 644 928 scribunt.
680 871 797 929 Huc
832 872 1066 941 accedit,
1112 874 1364 946 abbateS,
1406 894 1533 932 cum
1565 875 2000 952 inaugurantur,
2048 879 2286 938 obstrin-

363 989 493 1045 gere
536 989 597 1028 se
632 972 1024 1045 jurejurandO,
1069 972 1262 1030 itidem
1303 992 1367 1030 ac
1414 974 1672 1051 Episcopi
1707 977 1909 1048 solent,
1948 984 2011 1035 ut
2053 960 2301 1038 concilio

363 1069 648 1144 intersint,
692 1072 788 1128 ubi
818 1091 847 1129 a
871 1072 1135 1130 Pontifice
1174 1075 1535 1132 advocentur.
1581 1075 1642 1131 In
1671 1077 1936 1134 Romanae
1961 1079 2168 1152 pariter
2191 1081 2285 1138 Ec-

365 1169 550 1227 clesiae
596 1171 922 1243 ritualibus,
964 1183 1451 1230 connumerantur
1486 1175 1714 1232 abbates
1751 1177 1899 1234 inter
1932 1196 2024 1235 eos
2065 1178 2160 1253 qui
2193 1180 2285 1253 jus

362 1269 623 1344 suffragii
658 1271 913 1328 obtinent
946 1271 1006 1327 in
1038 1273 1322 1343 conciliis;
1366 1273 1728 1349 additurque,
1767 1275 1823 1332 id
1863 1283 2053 1351 postea
2083 1278 2283 1335 merito

361 1366 430 1421 ad
472 1366 872 1440 religiosorum
907 1387 1164 1425 summos
1198 1369 1462 1443 praesides
1508 1370 1825 1426 inductum.
1864 1371 1940 1426 Ex
1973 1371 2181 1445 quibus
2219 1371 2286 1426 li·
2316 1363 2328 1375 ’

360 1470 494 1537 quet
526 1465 583 1521 id
613 1467 761 1540 quod
789 1467 1139 1538 dicebamus,
1171 1468 1501 1542 hujusmodi
1525 1469 1934 1539 auctoritatem,
1972 1476 2034 1526 ut
2064 1470 2130 1525 ad
2157 1470 2284 1544 Epi-

359 1582 559 1639 scopos
603 1585 670 1622 ex
713 1566 979 1622 ordinarii
1021 1567 1170 1639 juris
1216 1573 1486 1641 potestate
1519 1587 1582 1625 ea
1614 1569 1874 1642 pertinet,
1918 1569 2153 1644 perinde
2193 1570 2284 1626 ab·

355 1664 583 1722 batibus
632 1684 699 1722 ex
743 1667 1035 1741 privilegio
1091 1668 1293 1724 veteris
1346 1668 1777 1724 consuetudinis
1825 1669 2212 1725 tribuendum.
2253 1690 2279 1722 >)

360 1765 617 1839 (Historia
661 1768 867 1822 concilii
908 1767 1221 1832 Tridentini,
1264 1767 1363 1822 lib.
1395 1768 1478 1838 Vt,
1507 1786 1630 1842 cap.
1668 1787 1720 1835 11,
1756 1774 1795 1824 t.
1831 1769 1872 1839 I,
1909 1788 1963 1842 p.
2009 1769 2143 1839 528,
2177 1768 2281 1823 An-

357 1864 614 1938 tuerpiae,
648 1864 846 1937 1670.)

431 1964 492 2019 In
529 1964 765 2020 concilio
791 1965 1116 2023 Tridentino
1165 1966 1242 2040 (id
1280 1972 1381 2033 est,
1414 1967 1473 2023 in
1513 1968 1852 2040 quibusdam
1882 1967 2115 2024 coetibus
2146 1986 2280 2042 prae-

357 2063 654 2137 paratoriis
689 2069 817 2121 ante
843 2065 1086 2139 primam
1120 2067 1468 2132 sessione1n‚·-
1490 2073 1698 2142 etcum
1731 2066 2062 2142 paucissimi
2097 2067 2279 2123 adhuc

355 2168 543 2237 patres
574 2163 949 2237 advenissent)
994 2164 1347 2239 disputatum
1377 2166 1606 2239 quidem
1642 2165 1746 2221 fuit
1782 2184 1852 2220 an
1888 2166 2112 2222 abbates
2149 2183 2278 2221 cum

355 2262 595 2319 decisivo
629 2263 898 2337 suffragio
929 2271 1116 2321 essent
1151 2265 1503 2322 admittendi.
1537 2265 1639 2321 Sed
1674 2265 1897 2338 longam
1932 2283 2130 2321 eorum
2156 2282 2277 2338 pos-

352 2362 661 2419 sessionem
694 2365 876 2437 quoad
907 2364 1113 2420 dictam
1147 2364 1377 2421 decisivi
1412 2364 1666 2438 suffragii
1701 2365 2119 2438 praerogativam
2148 2363 2278 2420 alle-

352 2462 558 2532 gabant
584 2463 766 2536 Legati
797 2463 1094 2520 Pontificii.
1137 2463 1240 2527 Qui
1278 2482 1401 2520 vero
1438 2464 1694 2520 exclusos
1730 2463 1959 2522 abbates
1992 2463 2272 2528 volebant,

353 2576 463 2614 non
493 2562 769 2632 negabant
796 2563 1074 2636 ejusmodi
1099 2563 1539 2636 possessionem,
1566 2562 1663 2618 scd
1690 2563 2101 2619 contendebant
2124 2580 2274 2618 revo—

354 2656 528 2711 canda
567 2675 690 2713 esse
740 2658 871 2713 talia
909 2660 1257 2732 regularium
1296 2661 1445 2732 jura,
1496 2666 1686 2733 utpote
1720 2660 1931 2716 nociva.
1975 2660 2032 2714 Id
2073 2678 2275 2732 nempe

352 2753 492 2808 mihi
537 2755 914 2828 colligendum
955 2755 1180 2813 videtur
1218 2775 1282 2812 ex
1320 2756 1641 2813 Pallavicini
1681 2757 2002 2833 11ar1¹ati9ne
2030 2758 2148 2830 (lib.
2185 2757 2270 2828 VI,

353 2872 402 2908 c.
437 2852 515 2925 ιι).
547 2853 721 2926 Igitur
755 2854 1041 2910 unanimis
1072 2860 1207 2911 tunc
1235 2854 1337 2910 fuit
1365 2855 1639 2912 sententia
1672 2856 1738 2912 de
1767 2856 2041 2929 acquisito
2084 2857 2153 2912 ab
2181 2856 2273 2912 ab·
2296 2837 2314 2923 .-

349 2951 575 3008 batibus
614 2972 713 3027 per
753 2955 979 3027 longam
1021 2955 1432 3029 possessionem
1468 2954 1695 3011 decisivi
1736 2955 1991 3028 suffragii
2027 2957 2176 3030 jure,
2219 2962 2271 3012 et

349 3049 701 3124 disputatum
750 3053 1043 3110 dumtaxat
1081 3073 1152 3110 an
1193 3073 1255 3110 ea
1292 3055 1650 3129 praerogativa
1685 3054 2062 3118 continuenda
2105 3056 2267 3112 foret.

348 3149 420 3205 De
455 3150 597 3205 facto
638 3170 667 3205 a
698 3152 1040 3209 Tridentinis
1072 3153 1329 3210 Patribus
1357 3159 1610 3210 revocata
1641 3172 1752 3209 non
1783 3153 1911 3208 fuit.
1955 3174 1976 3182 ν

423 3246 560 3303 Item
591 3249 868 3303 sententia
895 3251 999 3305 fuit
1023 3251 1258 3307 Romani
1283 3251 1562 3307 Pontificis
1587 3251 1742 3306 Pauli
1775 3251 1861 3317 ΙΙΙ,
1895 3251 2190 3308 abbatibus
2210 3252 2268 3307 in

347 3347 586 3404 concilio
623 3348 967 3405 oecumenico
1010 3350 1316 3406 decisivum
1351 3350 1684 3424 suffragium
1721 3357 2058 3426 competere.
2105 3352 2262 3417 Nam,

349 3452 488 3504 teste
512 3446 848 3504 Pallavicino
887 3447 1054 3520 (LVI,
1076 3466 1123 3503 c.
1155 3448 1210 3520 11)
1242 3469 1251 3479 ·
1287 3469 1314 3499 «
1340 3447 1587 3506 Pontifex
1615 3450 1950 3507 collaudavit
1975 3450 2260 3525 praesideS,

401 3660 413 3686 ¹
440 3660 604 3703 Nicaena
624 3659 821 3712 secunda,
853 3671 962 3701 anno
980 3658 1074 3701 794.
