2340 3990
844 321 975 368 PARS
1004 319 1223 373 QUARTA.
1883 318 1973 366 505

103 425 315 501 cipibus
355 427 715 483 exercendam
759 426 1037 484 ordinarie
1081 428 1437 502 relinqueret.
1480 427 1655 483 Immo
1695 425 1751 482 id
1790 425 1973 482 divina

101 523 298 581 Christi
332 543 458 598 erga
484 524 782 581 Ecclesiam
806 524 1180 582 munificentia
1208 523 1430 599 dignius
1457 524 1763 581 videtur.—
1783 523 1840 578 2⁰
1865 523 1973 578 Nec

101 640 327 679 erronea
358 622 721 697 peremptorie
761 623 1027 696 probatur
1067 623 1247 697 prima
1290 624 1388 680 illa
1429 623 1698 680 sententia
1732 639 1762 677 e
1805 619 1972 678 tradi-

101 717 249 774 tione
277 718 495 772 Patrum
527 722 712 772 sancto
737 717 1012 788 Bernardo
1044 719 1403 774 anteriorum.
1425 720 1557 775 Nam
1576 720 1643 792 ad
1673 722 1852 775 textus
1877 718 1973 793 qui

82 816 370 871 distinctas
408 815 598 870 ambas
642 820 933 895 potestates
976 825 1253 886 asserunt,
1293 817 1655 891 respondetur
1687 816 1972 872 distinctas

101 912 263 968 etiam
295 930 410 968 esse
443 918 493 966 et
521 911 625 966 dici
655 930 813 985 posse
838 913 994 985 juxta
1031 915 1268 986 primam
1302 915 1656 980 sententiam3
1698 915 1974 987 siquidem

99 1007 414 1064 immediata
444 1009 689 1064 executio
726 1028 820 1064 seu
847 1011 1248 1066 administratio
1279 1013 1356 1067 rei
1390 1011 1710 1085 temporalis
1735 1011 1975 1084 pertinet

99 1107 166 1162 ad
207 1107 490 1175 Caesarem,
537 1125 645 1160 non
687 1107 754 1160 ad
795 1107 1013 1179 Papam.
1065 1108 1243 1162 Etiam
1277 1114 1456 1163 textus
1484 1110 1729 1177 Patrum,
1770 1107 1974 1180 quibus

99 1203 300 1260 dicitur
345 1204 653 1259 sacerdotes
698 1203 892 1257 Caesari
948 1203 1147 1275 subjici
1205 1204 1403 1258 dehere
1451 1204 1506 1257 in
1551 1205 1972 1276 temporalibuS,

97 1301 356 1356 Caesarem
382 1318 507 1355 vero
541 1299 920 1355 sacerdotibus
946 1301 1125 1373 quoad
1154 1319 1242 1356 res
1269 1299 1686 1365 ecclesiasticaS,
1719 1301 1772 1354 in
1809 1318 1975 1355 sensu

98 1396 289 1470 primae
327 1395 610 1452 sententia}
637 1394 869 1467 intelligi
896 1404 1148 1467 possunt.
1182 1395 1362 1457 Quum
1393 1412 1590 1467 nempe
1619 1394 1686 1448 ad
1713 1394 1975 1449 Caesarem

97 1496 367 1567 pertineat
392 1494 707 1550 immediata
740 1493 1010 1549 societatis
1044 1493 1220 1548 civilis
1251 1493 1679 1565 administratio,
1714 1501 1977 1549 tenentur

98 1591 189 1645 alii
218 1599 414 1663 praeter
444 1595 638 1666 Papam
664 1591 974 1646 sacerdotes
1003 1591 1131 1646 huic
1160 1590 1629 1646 administrationi
1660 1609 1776 1646 sese
1804 1590 1978 1663 subji-

98 1706 241 1743 cere.
278 1690 338 1743 Et
359 1690 606 1763 quamvis
639 1689 777 1762 Papa
803 1707 912 1743 non
949 1688 1016 1744 sit
1043 1689 1225 1744 eidem
1260 1688 1479 1744 Caesaris
1506 1689 1976 1744 administrationi

98 1787 379 1858 subjectus
420 1789 628 1843 ratione
664 1787 1072 1860 jurisdictionis
1111 1786 1402 1858 (siquidem
1441 1786 1605 1842 etiam
1635 1786 1690 1840 in
1722 1787 1806 1841 his
1839 1794 1974 1842 tem-

85 1884 399 1958 'poralihuS,
438 1885 591 1957 juxta
632 1885 865 1958 primam
898 1885 1227 1940 sententiam
1255 1884 1506 1958 superior
1534 1889 1614 1938 est
1648 1883 1766 1955 ejus
1804 1883 1975 1956 juris-

99 1982 305 2054 dictio),
353 1988 535 2038 tamen
589 1983 850 2039 directive
888 1989 1104 2039 tenetur
1146 1983 1301 2037 dictae
1341 1981 1804 2037 administrationi
1839 2000 1977 2038 sese

100 2080 392 2152 subjicere,
431 2081 569 2136 sicut
597 2086 649 2136 et
678 2081 916 2155 propriis
945 2081 1060 2137 suis
1090 2082 1325 2154 legibus,
1369 2080 1586 2154 quando
1621 2098 1684 2135 ex
1716 2080 1979 2137 Caesareis

99 2178 315 2233 statutis
340 2178 477 2232 nihil
506 2179 562 2233 in
588 2180 887 2234 Ecclesiam
931 2179 1247 2235 detrimenti
1288 2179 1579 2234 redundat.
1618 2179 1752 2233 Dicti
1792 2185 1977 2234 tamen

98 2283 340 2332 veterum
364 2278 584 2332 Patrum
626 2283 803 2333 textus
828 2278 1088 2332 videntur
1113 2279 1179 2334 ad
1214 2296 1442 2333 sensum
1471 2277 1726 2332 secundae
1757 2283 1978 2332 senten-

101 2374 187 2429 tiae
221 2375 438 2430 facilius
464 2375 660 2449 aptari.
677 2408 744 2415 —
770 2377 823 2431 5⁰
844 2369 1187 2450 Propugnata
1218 2376 1388 2432 fuisse
1415 2376 1628 2431 videtur
1654 2375 1831 2449 prima
1854 2394 1978 2431 sen-

100 2468 286 2539 tentia,
317 2488 425 2525 non
453 2477 713 2544 tanquam
740 2489 804 2526 ex
840 2472 1171 2544 obligatione
1199 2473 1432 2528 tenenda
1462 2469 1734 2541 doctrina,
1766 2472 1860 2527 sed
1892 2489 1977 2526 so-

99 2567 216 2622 lum
263 2575 524 2643 tanquam
586 2552 769 2642 opinio
832 2571 975 2626 inter
1024 2571 1274 2626 doctores
1327 2571 1623 2626 catholicos
1676 2570 1972 2643 disputata.

97 2665 286 2735 Adeat,
313 2668 464 2723 verbi
504 2669 696 2741 gratia,
744 2670 916 2725 lector
962 2671 1307 2744 praecipuum
1341 2670 1531 2743 primae
1576 2668 1860 2725 sententiae
1885 2669 1975 2723 de-

102 2762 392 2833 fensorem,
434 2766 659 2821 Beatum
686 2767 1061 2839 Augustinum
1092 2768 1157 2823 de
1182 2770 1425 2829 Ancona,
1468 2767 1563 2840 qui
1592 2765 1730 2819 mihi
1758 2765 1977 2819 videtur

101 2858 298 2914 dictam
343 2868 543 2916 metam
572 2882 682 2918 non
711 2865 1027 2921 excessisse.
1053 2899 1116 2908 —
1141 2867 1194 2921 4⁰
1222 2867 1463 2938 ingenue
1505 2866 1676 2918 fateor
1706 2862 1843 2917 mihi
1869 2861 1977 2917 evi-

102 2953 324 3010 dentem
352 2975 461 3012 non
492 2976 615 3013 esse
640 2959 831 3031 primae
862 2961 1028 3032 hujus
1052 2961 1336 3016 sententiae
1369 2960 1679 3015 falsitatem.
1713 2959 1827 3013 Imo
1855 2976 1978 3031 gra-

101 3051 381 3109 vissimam
416 3057 689 3122 existimo,
721 3066 836 3113 tum
867 3058 922 3112 in
953 3077 1010 3114 se
1049 3065 1371 3131 spectatam,
1414 3067 1531 3114 tum
1568 3057 1733 3114 etiam
1764 3057 1977 3112 ratione

103 3151 464 3217 auctoritatis;
491 3171 664 3227 coque
689 3154 1007 3226 diligentius
1027 3173 1055 3209 a
1075 3154 1341 3226 theologis
1367 3154 1803 3228 expendendam,
1828 3150 1976 3225 quod

102 3250 367 3330 posterior
399 3251 466 3306 de
496 3253 743 3308 indirecta
780 3259 1042 3327 potestate
1069 3254 1275 3327 opini0,
1304 3253 1527 3310 nonnisi
1574 3258 1693 3326 post
1724 3255 1972 3307 exortum

102 3346 612 3415 protestantismum
638 3352 928 3423 praevalere
954 3353 1206 3426 coeperit.

339 3737 407 3769 111.
1676 3725 1735 3770 20
