2340 3990
341 281 433 327 554
1016 276 1316 325 TRACTATUS
1345 275 1415 322 DE
1440 275 1503 322 ΡΑ
1510 274 1590 322 ΡΑ.

344 385 547 444 Christi
590 388 799 460 quando
839 386 942 440 duo
985 391 1078 440 aut
1105 391 1210 441 tres
1235 384 1633 457 conqreqati...,
1676 386 1732 438 et
1772 379 1854 438 sic
1894 383 2259 444 conciliorum

341 502 515 542 usum
543 483 741 539 divinae
770 481 1118 538 institutioni
1143 482 1587 556 adscripserunt.
2166 482 2170 486 ⁴

418 585 475 638 4⁰
509 584 641 646 Quae
675 582 925 639 diximus
961 583 1029 639 de
1064 582 1252 639 divina
1287 580 1642 639 institutione
1667 578 2038 637 conciliorum
2075 580 2135 636 in
2172 600 2265 656 ge-

339 695 497 747 nere,
534 679 772 736 concilio
806 681 1177 750 oecumenic0‚
1213 677 1722 756 utpote'praecipuo
1749 675 2079 752 applicanda
2105 684 2258 752 sunt,
2292 727 2294 729 .

340 780 402 832 ut
427 781 600 850 patet.
1594 763 1598 768 ¹

415 875 471 931 5⁰
506 875 842 948 Opinionem
870 877 938 934 de
967 878 1214 934 humana
1254 876 1628 934 conciliorum
1665 874 2022 932 institutione
2058 874 2139 931 sic
2179 893 2264 933 re·

330 972 454 1048 jicit
494 973 872 1033 Bellarminus
905 997 915 1029 :
951 976 1145 1034 «Hanc
1180 983 1370 1033 autem
1409 975 1685 1049 originem
1719 974 2111 1039 conciliorum,
2159 975 2259 1031 etsi
2315 1012 2318 1019 -

324 1074 600 1146 Albertus
634 1076 863 1150 Pighius
893 1077 1018 1153 (lib.
1051 1078 1137 1145 VI,
1179 1079 1243 1134 de
1271 1077 1479 1135 Coelesti
1511 1076 1841 1146 Hierarchia,
1870 1052 1993 1150 cap.
2023 1076 2086 1148 1),
2121 1093 2255 1131 con-

336 1175 530 1231 tendat
560 1194 683 1232 esse
720 1178 884 1252 plane
910 1179 1219 1238 humanam
1255 1183 1309 1233 et
1334 1177 1577 1232 naturali
1612 1176 1828 1232 ratione
1865 1174 2256 1248 excogitatam,

337 1274 690 1349 probabilius
726 1283 917 1332 tamen
955 1282 1037 1332 est
1071 1277 1320 1333 divinam
1374 1294 1515 1332 esse.
1558 1275 1768 1330 Nam...
1808 1296 1835 1328 »
1874 1274 1961 1348 (de
1995 1273 2261 1339 ConciliiS,

335 1373 377 1428 l.
407 1375 450 1444 I,
490 1392 539 1429 c.
583 1375 678 1446 ιιι).
717 1374 1013 1431 Suaresius
1048 1375 1130 1431 sic
1165 1375 1368 1430 habet:
1406 1374 1563 1430 «Nec
1589 1373 1741 1429 enim
1778 1374 1959 1447 placet
1994 1372 2140 1446 quod
2182 1371 2265 1427 Pi·
2336 1396 2340 1400 ⁷

336 1472 575 1545 ghius...
608 1473 798 1541 sentit,
843 1474 1335 1548 congregationem
1380 1474 1585 1529 horum
1629 1471 1998 1529 conciliorum
2043 1452 2260 1528 esse‘ex

337 1574 583 1629 humana
610 1574 986 1645 institutione,
1022 1575 1130 1632 nisi
1156 1576 1300 1632 forte
1325 1574 1604 1648 intelligat
1629 1579 1907 1649 quantum
1940 1573 2008 1628 ad
2039 1576 2258 1646 tempus

338 1679 389 1728 et
417 1672 856 1744 ordinationem,
884 1676 973 1731 vel
1002 1675 1131 1748 quia
1158 1694 1272 1731 non
1297 1682 1380 1732 est
1414 1675 1652 1731 fortasse
1679 1671 2009 1748 simpliciter
2033 1688 2100 1727 ex
2126 1686 2259 1744 prae·
2292 1732 2296 1738 ¹

337 1778 495 1846 cepto
531 1773 722 1830 divino
759 1781 822 1831 ut
854 1777 970 1832 haec
1004 1776 1244 1833 concilia
1271 1781 1731 1850 congregentur»
1781 1774 1866 1847 (de
1889 1773 2012 1846 fide,
2053 1770 2260 1845 disput.

335 1872 658 1938 undecima,
688 1893 746 1930 n.
779 1876 860 1946 1).

537 2104 561 2157 5
584 2104 686 2145 5.—
706 2105 766 2145 An
789 2105 965 2147 concilia
981 2107 1242 2154 oecumenica
1263 2107 1349 2148 sint
1365 2107 1623 2157 necessaria,
1640 2106 1707 2148 vel
1727 2109 1897 2148 tantum
1916 2104 2055 2147 utilia.

410 2243 695 2300 Phorosmo
732 2246 792 2301 1².
824 2280 893 2287 —
935 2247 1155 2315 Quando
1208 2268 1292 2305 res
1339 2250 1518 2322 aliqua
1559 2267 1855 2305 Necessum
1900 2250 2113 2318 dicitur,
2155 2248 2257 2304 nisi
2318 2237 2332 2249 ⁸

332 2344 490 2399 simul
526 2345 732 2401 dicatur
766 2354 858 2402 aut
885 2366 949 2402 ex
989 2349 1252 2422 adjunctis
1291 2349 1513 2421 intelligi
1548 2351 1742 2422 possit,
1780 2369 1841 2403 An
1885 2368 1994 2410 Qum
2040 2350 2251 2403 resista

330 2446 627 2500 necessaria
638 2450 1035 2518 pronuntietur,
1064 2449 1255 2505 locutio
1278 2468 1491 2505 sensum
1516 2468 1623 2505 non
1655 2450 1825 2505 habet.
1845 2448 2064 2504 —Nam
2090 2465 2247 2504 voces

330 2538 470 2606 istae,
500 2548 849 2615 necessat-2113,
880 2547 1043 2614 utile'S,
1081 2549 1288 2620 similis,
1317 2554 1369 2605 ct
1395 2548 1518 2604 aliae
1546 2547 1894 2622 hujusmodi,
1918 2546 2247 2603 relationem

330 2640 670 2713 exprimunt;
704 2662 805 2699 nec
830 2646 1066 2719 proinde
1108 2665 1335 2703 sensum
1370 2648 1577 2704 habent
1613 2647 1726 2702 nisi
1762 2646 2126 2720 exprimatur,
2171 2644 2257 2702 vel

330 2737 527 2793 saltem
568 2758 631 2795 ex
672 2740 952 2814 adjunctis
975 2743 1321 2818 subintelligi
1358 2745 1535 2819 possit
1562 2749 1798 2816 uterque
1829 2743 2121 2799 relationis
2149 2749 2256 2799 ter·

328 2835 536 2894 minus.
566 2838 731 2895 Verbi
759 2843 961 2917 gratia,
1002 2843 1048 2898 si
1076 2844 1295 2900 dicatur
1330 2844 1397 2900 de
1417 2846 1641 2918 juvene,
1675 2844 1825 2899 illum
1861 2861 1973 2899 6336
2007 2843 2257 2912 similem,

330 2932 537 2991 locutio
579 2955 809 2994 sensum
844 2959 955 2996 non
989 2942 1173 2998 hahet.
1215 2942 1271 2999 Si
1296 2961 1427 2999 vero
1458 2943 1678 2999 dicatur
1706 2943 1854 2999 illum
1887 2961 1998 2998 esse
2023 2942 2243 2998 similem

323 3036 470 3104 patri
498 3053 613 3107 suo,
644 3055 876 3094 sensum
906 3041 1094 3098 habet.
1130 3043 1267 3099 Item
1294 3042 1339 3099 si
1372 3043 1497 3116 quis
1524 3043 1687 3114 dicat,
1728 3044 1850 3098 mihi
1882 3042 2125 3098 navicula
2159 3058 2248 3096 ne-

328 3134 557 3186 cessaria
592 3144 692 3203 63τ,
730 3136 936 3194 absone
972 3139 1242 3212 loquitur.
1275 3141 1330 3196 Si
1367 3158 1498 3198 vero
1537 3140 1725 3207 addat,
1759 3140 1829 3195 acl
1871 3139 2233 3212 trajiciendum

327 3229 541 3300 flumen,
581 3231 792 3290 locutio
829 3235 1268 3294 determinatum
1306 3257 1538 3295 sensum
1575 3238 1762 3305 habet,
1800 3243 2091 3312 potestque
2127 3251 2247 3293 esse

326 3347 451 3386 vera
487 3331 575 3387 vel
615 3332 775 3388 falsa.
804 3332 943 3390 Vera
981 3337 1087 3392 erit
1122 3337 1171 3392 si
1208 3337 1437 3393 nullum
1464 3338 1620 3394 aliud
1657 3344 1858 3412 praesto
1893 3339 1966 3394 sit
1998 3335 2242 3392 medium

326 3428 692 3505 perveniendi
721 3431 791 3487 ad
819 3432 1051 3488 alteram
1086 3435 1338 3492 fluminis
1364 3435 1568 3511 ripam.
1610 3437 1768 3494 Falsa
1809 3438 1936 3502 erit,
1973 3437 2020 3493 si
2049 3435 2254 3490 flumen

325 3528 588 3603 trajicere
617 3531 812 3607 possit,
843 3533 930 3589 vel
958 3534 1226 3606 natando,
1257 3536 1346 3592 vel
1373 3515 1475 3612 per
1512 3542 1741 3612 pontem
1770 3554 1885 3593 non
1913 3535 2047 3592 adeo
2085 3534 2246 3604 longe

330 3629 970 3704 positum“transeund0.
1000 3634 1176 3707 Igitur
1202 3638 1433 3710 quaestio
1468 3656 1713 3713 praesens
1746 3655 1860 3694 non
1885 3629 2244 3712 proponenda
2269 3619 2272 3623 ⁷
