2340 3990
312 234 402 280 ‘184
975 196 1272 277 TnAc‘riTus
1303 229 1370 278 DE
1401 228 1553 275 PAPA.

310 346 502 415 porter
533 341 629 398 des
666 340 906 416 plaintes
937 338 1151 393 ameres
1189 338 1220 392 a
1247 335 1414 393 Louis
1446 335 1491 391 ΙΙ
1522 354 1624 411 par
1659 355 1748 394 ses
1772 339 2220 402 ambassadeurS.
2299 365 2306 388 τ
2338 383 2340 386 -

309 438 355 494 ll
396 439 449 496 le
490 440 655 514 priait
681 438 748 492 de
789 435 1086 492 s’abstenir
1121 435 1429 492 desormais
1462 435 1539 491 du
1581 436 1714 492 titre
1746 436 2118 512 d'empereur‚
2146 446 2255 523 at-·
2304 518 2306 528 ‚

310 539 480 594 tendu
525 535 665 610 qu'il
715 534 807 609 n'y
855 533 1003 591 avait
1047 534 1223 608 qu‘un
1262 535 1383 591 seul
1428 552 1725 608 empereur
1759 535 1855 609 qui
1901 539 2223 608 gouvcrnait

306 634 538 689 l’Orient
578 640 631 687 et
669 631 990 688 l'Occident.
1031 631 1196 688 Louis
1223 631 1266 686 ΙΙ
1301 632 1506 707 deputa
1539 633 1829 707 Autprand
1865 634 1894 688 a
1923 632 2226 690 Constanti-
2307 643 2311 676 '-

307 733 471 806 nople
501 749 629 787 avec
662 749 773 788 une
814 732 977 789 lettre
1002 732 1390 808 apologetique
1418 737 1714 808 rapportee
1755 750 1856 807 par
1880 733 2148 790 Baronius
2172 740 2225 791 et

306 831 440 885 dont
466 829 607 885 voici
636 848 715 885 un
745 831 946 887 extrait
971 852 982 884 ε

384 950 411 981 «
441 926 505 983 Et
536 927 642 1002 ipsi
672 928 858 1002 patrui
896 930 1075 986 nostri
1108 930 1343 1003 gloriosi
1373 948 1534 1004 reges
1563 930 1778 1004 absque
1809 930 2018 986 invidia
2054 930 2228 1004 impe·
2285 970 2288 975 -
2315 929 2317 939 ²

307 1031 551 1082 ratorem
582 1045 683 1082 nos
724 1027 987 1097 vocitant,
1017 1029 1363 1085 attendentes
1396 1029 1464 1084 ad
1501 1029 1827 1085 unctionem
1866 1036 1921 1085 et
1967 1029 2229 1085 sacratio·
2316 1043 2322 1064 ³

312 1142 462 1195 nem,
505 1143 611 1198 qua
649 1143 748 1200 per
771 1125 990 1182 Summi
1012 1127 1292 1183 Pontificis
1319 1147 1520 1184 manus
1551 1147 1751 1184 sumus
1778 1128 1846 1183 ad
1872 1130 1978 1184 hoc
2001 1128 2226 1184 culmen

312 1226 578 1300 provecti.
617 1226 888 1282 Praeterea
922 1227 1112 1284 mirari
1151 1246 1208 1284 se
1244 1228 1442 1285 dilecta
1472 1229 1790 1302 fraternitas
1825 1234 1920 1285 tua
1955 1228 2230 1302 significat
2280 1210 2321 1272 '³3‘

311 1324 460 1397 quod
485 1343 597 1380 non
615 1325 957 1380 Francorum
980 1326 1077 1381 sed
1099 1325 1476 1381 Romanorum
1505 1326 1813 1400 imperator
1840 1328 2222 1402 appellemur:
2276 1360 2278 1363 -

310 1423 400 1478 sed
440 1424 583 1479 scire
622 1429 674 1479 te
713 1424 969 1480 convenit
1013 1424 1142 1498 quia
1185 1424 1292 1478 nisi
1324 1425 1704 1481 Romanorum
1746 1426 2052 1500 imperator
2085 1444 2229 1482 esse—

312 1541 460 1593 mus,
494 1523 689 1596 utique
717 1541 819 1579 nec
846 1523 1208 1580 Francorum.
1232 1525 1275 1579 A
1305 1524 1572 1589 Romanis
1611 1525 1763 1580 enim
1796 1527 1900 1581 hoc
1935 1543 2139 1580 nomen
2166 1543 2229 1580 ac
2285 1583 2288 1598 ⁴

310 1620 639 1694 dignitatem
670 1625 1109 1699 assumpsimus,
1132 1643 1373 1697 quorum
1402 1632 1623 1697 gentem
1656 1631 1710 1681 et
1732 1625 1929 1681 urbem
1959 1624 2228 1680 divinitus

308 1722 759 1793 gubernandam,
805 1731 860 1778 et
912 1729 1150 1779 matrem
1191 1725 1446 1779 omnium
1495 1724 1866 1780 ecclesiarum
1908 1724 2000 1780 Dei
2041 1724 2228 1780 defen-
2300 1780 2340 1796 v,

309 1820 548 1876 dendam
577 1828 742 1896 atque
771 1824 1187 1879 sublimandam
1216 1825 1593 1898 suscepimus,
1631 1843 1697 1880 ex
1732 1844 1839 1899 qua
1876 1831 1930 1880 et
1958 1823 2227 1898 regnandi

301 1921 489 1994 prius,
517 1928 570 1977 et
602 1924 960 1995 postmodum
990 1923 1302 1998 imperandi
1327 1925 1725 1980 authoritatem
1756 1924 2012 1999 prosapia
2040 1930 2228 1980 nostra

309 2020 679 2076 seminarium
714 2024 975 2097 sumpsit.
1015 2023 1153 2078 Nam
1188 2023 1531 2079 Francorum
1574 2023 1879 2098 p1·incipeS‚
1926 2023 2110 2098 primo
2145 2041 2229 2078 re-

310 2138 427 2192 geS,
468 2121 668 2178 deinde
708 2140 839 2178 vero
875 2123 1241 2197 imperatores
1280 2123 1413 2179 dicti
1456 2130 1587 2178 sunt
1631 2124 1689 2177 hi
1729 2125 2010 2178 dumtaxat
2058 2122 2151 2194 qui
2199 2141 2228 2177 a

311 2221 560 2278 Romano
586 2224 846 2280 Pontifice
875 2226 943 2280 ad
976 2226 1082 2280 hoc
1111 2224 1231 2279 oleo
1268 2231 1456 2280 sancto
1484 2223 1697 2298 perfusi
1726 2229 1876 2278 sunt.
1901 2257 1971 2264 —
2000 2223 2231 2278 Praiser-

313 2319 413 2374 tim
444 2340 574 2378 eum
603 2323 741 2378 tales
786 2340 930 2396 saepe
963 2323 1032 2378 ad
1059 2322 1363 2397 imperium
1393 2328 1525 2378 sunt
1550 2323 1705 2378 asciti
1734 2323 1831 2396 qui
1859 2322 2016 2378 nulla
2044 2322 2230 2378 divina
2287 2341 2291 2346 ·

311 2422 629 2495 operatione
672 2440 771 2496 per
816 2422 1144 2495 pontificum
1197 2422 1576 2479 ministerium
1626 2423 1914 2498 propositi,
1967 2422 2150 2478 solum
2198 2439 2228 2477 a

312 2528 507 2576 senatu
542 2527 594 2576 et
620 2521 828 2595 populo
866 2521 1224 2596 imperatoria
1253 2521 1523 2593 dignitate
1564 2521 1724 2595 potiti
1754 2527 1888 2577 sunt
1921 2543 1930 2575 :
1971 2519 2229 2576 nonnulli

310 2639 439 2678 vero
467 2640 569 2677 nec
598 2623 699 2686 sic,
731 2622 826 2677 sed
851 2627 1068 2677 tantum
1096 2641 1125 2678 a
1161 2622 1439 2677 militibus
1471 2627 1600 2677 sunt
1629 2622 1856 2678 clamati
1888 2629 1934 2677 el
1965 2621 2024 2675 in
2056 2620 2231 2694 impe—

309 2719 393 2775 rio
424 2720 676 2787 stabiliti,
722 2727 817 2776 aut
855 2721 963 2776 alio
1005 2721 1170 2777 modo
1214 2722 1282 2777 ad
1319 2721 1542 2795 imperii
1582 2721 1802 2776 romani
1839 2727 2053 2794 sceptra
2094 2738 2225 2793 pro-

311 2819 447 2873 moti
475 2823 627 2874 sunt.
660 2819 826 2874 Porro
865 2818 911 2874 si
939 2818 1307 2874 calumniaris
1334 2819 1654 2873 Romanum
1692 2816 2035 2885 Pontificem,
2077 2814 2227 2888 quod

310 2917 569 2989 gesserit,
595 2917 938 2973 calumniare
957 2917 1165 2992 poteris
1190 2923 1244 2973 et
1262 2916 1486 2972 Samuel
1506 2915 1654 2990 quod
1681 2920 1864 2990 spreto
1881 2914 2044 2970 Saule
2066 2930 2228 2987 quem

311 3016 428 3089 ipse
461 3022 719 3088 unxerat,
747 3017 913 3074 David
941 3017 999 3072 in
1027 3035 1215 3090 regem
1249 3034 1460 3090 ungere
1487 3034 1601 3071 non
1633 3013 1901 3070 renuerit.
1944 3011 2048 3067 Sed
2091 3010 2229 3066 inte-

312 3114 421 3169 rim
450 3114 495 3170 si
525 3115 753 3189 paginas
777 3116 1026 3172 revolvas
1052 3116 1371 3172 Graecorum
1405 3114 1718 3179 annalium,
1750 3117 1804 3168 et
1833 3112 1879 3167 si
1907 3128 2028 3186 quae
2054 3129 2084 3166 a
2111 3128 2228 3166 ves-

312 3212 551 3269 tratibus
578 3213 871 3270 Pontifices
900 3213 1138 3270 Romani
1166 3213 1523 3288 pertulerunt
1559 3210 1948 3286 perscruteriS‚
1982 3209 2227 3284 profecto

314 3311 563 3369 invenies
587 3312 738 3367 unde
776 3312 904 3368 illos
926 3314 1078 3385 juste
1110 3329 1223 3367 non
1250 3310 1437 3367 valeas
1463 3310 1820 3382 redarguere,
1849 3307 1998 3364 unde
2029 3306 2226 3362 merito

313 3412 579 3487 apostatis
613 3411 846 3467 desertis
891 3411 1245 3467 adhaeserunt
1271 3410 1424 3484 genti
1473 3409 1779 3467 adhaerenti
1813 3410 1919 3466 Deo
1954 3413 2009 3465 et
2045 3406 2226 3482 ipsius

313 3512 471 3587 regni
487 3512 718 3569 *fructus
741 3509 991 3566 facienti.
1021 3532 1049 3563 »

397 3610 790 3684 «Quicmque,
827 3608 1013 3683 ajoute
1043 3607 1237 3678 Mansi,
1279 3611 1471 3684 pesera
1507 3609 1590 3666 les
1615 3607 1969 3685 expressions
1997 3604 2064 3661 de
2089 3606 2225 3660 cette
