2340 3990
854 338 985 388 PARS
1013 337 1213 392 QUINTA.
1890 335 1973 382 511

102 446 403 522 lugendum
447 462 693 503 errorem
735 449 846 501 tota
887 442 1127 500 sectione
1168 441 1411 501 secunda
1439 439 1622 516 partis
1664 438 1843 497 tertiae
1879 414 1981 498 Ro·

66 560 266 626 ·mano
308 544 553 604 Pontifici
596 542 996 600 vindicavimus
1034 542 1421 612 auctoritatem
1467 556 1635 615 supra
1681 539 1979 596 concilium·

100 644 407 716 sine-Papa.
434 643 507 698 Ex
531 660 636 716 qua
666 641 906 698 sectione
933 640 1103 696 simul
1137 641 1365 715 probata
1395 643 1647 696 remanet
1674 638 1828 712 Papae
1854 655 1983 694 auc-

100 741 296 798 toritas
319 756 484 814 supra
513 754 751 794 canones
790 755 820 793 a
852 737 1395 812 concilio-sine·Papa
1430 735 1702 793 conditos,
1748 735 1980 810 Insuper

102 838 356 912 sequenti
395 836 655 904 sectione,
699 836 873 910 capite
903 854 955 902 11,
992 835 1184 892 eadem
1221 835 1455 892 Romani
1496 833 1774 891 Pontificis
1821 851 1982 909 supe-

101 934 317 993 rioritas
345 934 611 1007 probatur
645 932 704 987 in
743 932 1061 1007 particulari
1095 932 1276 1006 quoad
1318 931 1701 1006 disciplinares
1737 929 1982 987 concilii·

101 1028 380 1102 sine-Papa
411 1047 668 1085 canones·

174 1128 447 1183 Psorosmo
472 1129 574 1184 111³.
599 1161 667 1169 —
683 1128 832 1199 Papa
857 1134 932 1182 est
955 1143 1116 1197 supra
1142 1142 1361 1180 canones
1387 1143 1419 1179 a
1449 1124 1983 1197 concilio-cum-Papa

101 1223 350 1277 conditos.
384 1256 458 1263 —
491 1222 550 1277 Id
592 1223 884 1296 probatum
922 1222 1043 1277 vide
1081 1237 1273 1295 supra,
1320 1224 1474 1293 parte
1514 1218 1698 1294 tertia,
1737 1218 1981 1274 sectione

99 1316 310 1391 quinta,
339 1316 706 1391 propositione
733 1322 948 1390 quarta.

171 1415 444 1470 Pnorosirio
471 1415 565 1469 [Va.
584 1415 817 1487 —Papa
843 1422 920 1470 est
944 1432 1103 1487 supra
1129 1430 1349 1468 canones
1370 1430 1467 1484 per
1491 1411 1781 1483 qeneralem
1807 1411 1982 1467 Eccle-

97 1513 190 1566 siae
225 1513 472 1583 dispersae
499 1514 901 1584 acceptationem
942 1518 991 1566 et
1012 1513 1223 1583 praxim
1256 1512 1513 1583 firmatos
1549 1510 1775 1564 —Nam
1805 1509 1983 1582 major

100 1627 209 1665 non
240 1617 319 1666 est
349 1612 648 1667 auetorItas
689 1610 940 1666 Ecclesiae
966 1609 1245 1683 dispersae,
1276 1626 1440 1681 quam
1478 1606 1731 1663 Ecclesiae
1763 1606 1821 1662 in
1855 1624 1982 1661 con-

100 1706 226 1764 cilio
259 1709 599 1765 oecumenico
631 1716 986 1781 congregatae.
1030 1707 1155 1774 Sed,
1190 1725 1255 1762 ex
1287 1706 1472 1773 dictis,
1515 1702 1656 1779 Papa
1693 1713 1773 1761 est
1813 1722 1981 1778 supra

99 1823 333 1862 canones
371 1826 401 1862 a
436 1807 667 1863 concilio
699 1806 1040 1863 oeeumenico
1072 1804 1268 1870 editos;
1310 1822 1437 1877 ergo
1464 1809 1516 1859 et
1546 1821 1712 1876 supra
1741 1820 1981 1859 canones

99 1905 166 1961 ab
192 1906 434 1962 Ecclesia
459 1907 705 1979 dispersa
727 1913 994 1980 receptOS.
1021 1906 1191 1978 Igitur
1220 1904 1641 1961 circumstantia
1669 1905 1804 1975 haec,
1834 1901 1981 1976 quod
2044 1963 2047 1966 ,

99 2100 307 2157 siarum
334 2102 545 2175 praxim
571 2103 912 2174 transierint,
934 2102 990 2157 id
1019 2107 1235 2157 tantum
1263 2102 1479 2158 efficere
1506 2106 1706 2175 potest,
1726 2107 1787 2155 ut
1816 2100 1977 2174 Papa,

98 2198 148 2255 vi
178 2200 321 2272 juris
359 2201 646 2271 naturaliS‚
682 2201 833 2258 licite
868 2208 1102 2274 nequeat
1129 2218 1220 2256 eos
1255 2201 1520 2274 abrogare
1550 2200 1635 2255 vel
1673 2200 1730 2255 in
1758 2199 1837 2255 eis
1874 2199 1982 2255 dis-

100 2315 348 2372 pensare,
374 2299 482 2354 nisi
505 2300 845 2373 gravissimis
869 2299 936 2355 de
961 2300 1160 2356 causis.
1185 2299 1474 2355 Enimvero
1497 2299 1772 2372 generalis
1801 2303 1855 2353 et
1880 2315 1980 2353 an-

100 2395 265 2468 tiquae
293 2397 594 2471 disciplinae
622 2399 955 2469 immutatiO,
995 2398 1105 2454 nisi
1143 2398 1444 2472 prudenter
1478 2403 1532 2453 et
1558 2396 1891 2469 gravissimis
1917 2415 1983 2452 ex

102 2493 284 2549 causis
328 2494 502 2565 fieret,
548 2496 735 2552 fideles
774 2497 1132 2554 conturbaret
1172 2502 1225 2552 et
1268 2497 1326 2551 in
1368 2495 1683 2551 animarum
1715 2495 1980 2551 damnum

102 2590 345 2658 cederet3
383 2594 527 2666 quod
563 2595 827 2668 profecte,
872 2595 939 2651 de
976 2595 1103 2668 jure
1144 2594 1431 2675 naturaliz-
1441 2612 1696 2651 summus
1731 2592 1980 2649 Pontifex

100 2686 270 2743 vitare
304 2694 535 2746 tenetur.

176 2784 457 2840 Pnorosmo
488 2788 569 2842 Ψ.
593 2819 662 2827 -
683 2786 883 2862 Papam
919 2807 1029 2844 esse
1057 2808 1217 2862 snpra
1255 2807 1476 2845 canones
1511 2792 1778 2861 confirmat
1808 2788 1982 2842 Eccle-

104 2883 197 2936 siae
235 2885 437 2954 pramis.
469 2915 543 2922 -
582 2883 623 2940 Ι.
658 2883 910 2956 Antiquis
934 2884 1235 2940 canonibus
1269 2892 1319 2940 et
1359 2885 1644 2940 communi
1688 2883 1982 2957 disciplina

99 2979 438 3053 jubebantur
475 2979 661 3035 clerici
688 2980 753 3035 ab
786 2980 1050 3054 Episcopo
1080 2981 1284 3055 quique
1313 3000 1433 3048 su0,
1464 2988 1517 3037 et
1542 2981 1790 3056 Episcopi
1819 3000 1847 3037 a
1871 2982 1978 3037 Me-

103 3076 429 3150 tropolitano
456 3077 714 3133 formatas
733 3077 944 3133 litteras
970 3077 1236 3151 accipere,
1260 3079 1478 3151 quando
1508 3079 1764 3135 volebant
1790 3097 1817 3133 a
1845 3078 1981 3134 dioe-

105 3173 212 3229 cesi
248 3175 606 3248 peregrinari.
634 3175 798 3230 Porro
826 3176 1071 3231 Zozimus
1099 3177 1241 3250 Papa
1278 3177 1454 3248 legem
1490 3177 1641 3232 illam
1680 3176 1859 3250 quoad
1886 3177 1981 3232 Ec-

106 3271 298 3328 clesias
338 3273 522 3329 Galliae
555 3275 802 3344 mutavit,
831 3275 905 3330 ita
941 3280 1187 3331 statuens
1222 3299 1232 3331 :
1274 3276 1476 3332 Placuit
1514 3276 1813 3349 apostolicae
1847 3275 1978 3340 sedi,

106 3376 164 3424 ut
187 3372 232 3424 si
263 3372 375 3441 quis
411 3387 472 3424 ex
506 3373 726 3442 qualibet
763 3373 1049 3430 Galliarum
1078 3382 1235 3447 parte
1266 3375 1359 3430 sub
1393 3375 1614 3446 quolibet
1641 3373 1980 3428 ecclesiastico

108 3468 295 3539 yradu,
334 3468 401 3522 ad
436 3475 537 3522 nos'
566 3469 782 3526 Romam
824 3473 997 3558 venire
1035 3474 1317 3541 contendit,
1351 3473 1429 3528 vel
1470 3472 1573 3526 alio
1609 3479 1866 3525 terrarum
1905 3470 1983 3522 ire

111 3566 355 3636 disponit,
385 3582 489 3620 non
522 3566 672 3621 aliter
700 3571 1084 3640 proficiscatur,
1120 3573 1218 3625 nisi
1250 3569 1640 3642 Metropolitani
1664 3566 1982 3622 Arelatensis

111 3664 334 3734 episcopi
374 3665 621 3735 formatas
658 3669 906 3738 acceperit
948 3668 1211 3742 (epistolae
1245 3669 1309 3724 R.
1355 3669 1437 3734 Ρ.,
1479 3665 1639 3722 editae
1676 3683 1706 3720 a
1739 3665 1798 3719 D.
1844 3663 1982 3720 Cou-
