2340 3990
814 297 937 345 PARS
966 296 1183 349 QUARTA.
1841 293 1932 341 209

80 402 220 463 edita
250 408 330 460 est
351 402 579 461 celebris
603 403 754 460 hulla
780 402 943 460 Unam
965 409 1218 468 sanctam,
1250 418 1358 475 qua
1386 399 1695 458 declaratur
1715 414 1746 454 a
1773 396 1936 471 spiri-

79 500 215 557 tuali
241 501 560 556 auctoritate
583 498 963 571 corrigendam
989 496 1344 572 temporalem
1377 495 1422 552 si
1455 494 1648 552 deviet.
1680 493 1786 550 Nec
1811 509 1934 549 eam

82 597 289 654 bullam
315 596 581 654 revocavit
591 594 833 651 Clemens
854 593 909 660 V;
937 594 1030 649 sed
1055 594 1336 650 dumtaxat
1358 591 1669 662 declaravit,
1691 590 1742 646 vi
1769 589 1937 664 hujus

83 695 270 766 bullae,
319 693 579 751 Gallicum
622 707 853 762 regnum
895 708 1006 746 non
1048 691 1223 763 magis
1265 696 1360 748 aut
1398 690 1557 747 aliter
1585 706 1749 764 quam
1782 693 1940 744 antea

0 797 8 838 ἐ
85 792 323 849 Romano
346 787 579 866 pontifici
606 786 822 859 subjici.
850 786 999 859 (Vide
1034 787 1180 862 apud
1205 787 1451 858 Bianchi,
1479 786 1791 844 traduction
1831 784 1943 841 Pel-

87 891 259 960 letier,
288 894 328 946 t.
360 888 424 958 Π,
449 906 502 961 p.
531 884 637 940 600
661 891 712 940 et
743 884 886 957 seq.)

160 987 238 1042 IX.
266 985 476 1041 Casuras
497 982 576 1046 VI,
605 986 818 1037 creatus
838 981 1076 1054 pontifex
1100 999 1244 1036 anno
1271 980 1438 1038 1542.
1460 1014 1532 1023 —
1554 981 1945 1055 Imperatorem

87 1081 408 1139 Ludovicum
431 1079 473 1133 11
497 1077 766 1152 deposuit.
794 1076 1058 1150 (Pighius,
1079 1076 1222 1132 Hier.
1246 1076 1466 1143 eccles„
1488 1077 1526 1132 l.
1553 1076 1611 1146 V,
1630 1094 1680 1131 c.
1698 1096 1777 1131 xiv
1792 1081 1847 1131 et
1864 1095 1945 1131 xv.

90 1211 157 1222 —
194 1179 458 1235 Robertus
496 1174 892 1242 ArboricensiS,
942 1178 985 1230 t.
1037 1173 1102 1244 ΙΙ,
1140 1174 1318 1229 theor.
1364 1173 1391 1228 7
1434 1172 1501 1230 de
1546 1177 1783 1246 utroque
1831 1173 1948 1246 gla-

63 1276 219 1338 aio.)

0 1370 13 1434 t
160 1372 219 1427 X.
261 1372 441 1427 Paucos
467 1370 532 1438 ll,
574 1375 782 1426 creatus
818 1367 1060 1424 Pontifex
1101 1383 1242 1422 anno
1288 1366 1452 1423 1464.
1478 1366 1632 1421 —In
1658 1365 1951 1439 Georgium

0 1439 13 1531 1
88 1469 356 1526 Bohcmiae
393 1485 595 1540 regem,
624 1485 686 1523 eo
717 1467 863 1540 quod
894 1465 1147 1522 haeresim
1183 1464 1552 1538 profiteretur,
1595 1463 1954 1538 depositionis

7 1543 9 1550 ,
91 1566 414 1623 sententiam
436 1563 822 1639 pronuntiavit.
849 1563 1190 1637 (NaucleruS,
1213 1580 1397 1636 gener.
1425 1560 1951 1626 49.—Genebrard‚

0 1695 1 1698 ¹
95 1664 148 1719 in
178 1663 467 1721 Chronic0.l

168 1762 249 1817 XI.
291 1761 447 1816 Jumus
483 1759 548 1828 ΙΙ,
589 1764 799 1816 creatus
830 1759 1075 1816 Pontifex
1104 1778 1245 1816 anno
1270 1759 1435 1815 1505.
1460 1791 1527 1800 -
1551 1759 1747 1832 Regem
1772 1757 1957 1814 Galliae

98 1857 416 1914 Ludovicum
447 1857 551 1921 XII,
593 1875 734 1912 anno
773 1858 937 1923 1512,
969 1856 1478 1923 excommunicavit,
1520 1861 1573 1912 et
1605 1855 1737 1930 ipsis
1777 1855 1958 1911 adhae-

102 1960 275 2010 rentes
310 1953 421 2009 suis
451 1954 711 2009 dominiis
750 1955 1144 2028 temporalibus
1173 1954 1411 2028 privatos
1448 1951 1770 2022 declaravit,
1802 1952 1847 2008 si
1881 1951 1960 2008 di-

6 2093 9 2100 .
98 2056 238 2105 ctam
262 2050 871 2107 excommunicationem
901 2051 1063 2107 nihili
1092 2052 1355 2106 facerent.

170 2146 272 2201 ΧΗ.
316 2147 534 2202 CLEMi-:ns
562 2148 666 2214 Vll,
711 2155 928 2205 creatus
960 2149 1199 2206 Pontifex
1232 2167 1374 2204 anno
1407 2147 1572 2212 1525,
1607 2146 1962 2220 depositionis

95 2243 415 2299 sententiam
445 2245 815 2319 pronuntiavit
842 2253 1030 2303 contra
1057 2246 1350 2302 IIenricum
1376 2246 1483 2300 Vlll
1505 2247 1616 2318 Ang
1607 2245 1711 2300 liae
1735 2245 1957 2318 Regem.

169 2340 297 2395 XIII.
339 2341 518 2396 Pactus
562 2342 626 2397 III
661 2342 871 2399 dictum
915 2343 1231 2411 Henricurn‚
1269 2360 1414 2398 anno
1453 2341 1623 2413 1555,
1664 2340 1851 2397 citavit
1894 2341 1962 2396 ad

0 2406 17 2514 it
96 2440 520 2512 comparendum
551 2440 753 2508 Romae,
796 2443 899 2498 sub
930 2460 1087 2514 poena
1115 2441 1702 2498 excommunicationis
1736 2447 1788 2496 et
1807 2441 1969 2514 depo

0 2534 15 2584 ν’·
94 2535 327 2603 sitionis;
358 2555 501 2593 anno
530 2556 657 2594 vero
683 2540 824 2596 1558
852 2557 979 2595 eum
1004 2558 1171 2613 regno
1194 2540 1469 2614 privatum
1495 2537 1811 2595 declaravit.

3 2635 13 2683 ¹.
169 2633 295 2688 XIV.
323 2634 431 2689 P1us
456 2634 536 2703 IV,
562 2634 806 2691 Navarrae
838 2636 1084 2709 reginam
1109 2637 1374 2693 Joannam
1406 2637 1667 2703 d'Albret,
1698 2636 1967 2690 haereseos

0 2746 17 2803 ,ιι
98 2746 266 2801 ream,
302 2730 366 2785 ad
400 2733 821 2804 comparendum
849 2734 1032 2790 Romae
1071 2734 1273 2805 citavit,
1304 2736 1408 2790 sub
1449 2752 1610 2809 poena
1640 2731 1966 2807 privationis

0 2828 14 2984 π’
99 2828 250 2901 regni
292 2829 378 2884 sui
427 2829 542 2904 ipso
580 2832 718 2887 facto
747 2832 1112 2902 incurrendae,
1154 2834 1262 2889 nisi
1297 2835 1717 2907 obtemperaret..
1746 2831 1967 2888 Falsum

101 2932 281 2981 autem
299 2933 396 3000 est,
415 2929 560 3001 quod
578 2929 814 2986 asseruit
831 2930 1164 2997 Bossuctius,
1181 2932 1382 3004 Regem
1404 2932 1589 2988 Galliae
1622 2933 1874 2988 Carolum
1909 2929 1971 2984 IX

105 3022 398 3095 obstitisse,
421 3044 483 3082 eo
507 3046 675 3083 sensu
702 3027 846 3100 quod
871 3028 1141 3101 ejusmodi
1167 3030 1399 3085 Romani
1427 3030 1702 3086 Pontificis
1737 3034 1970 3104 potesta-

107 3122 215 3173 tem
255 3139 360 3176 non
388 3125 663 3196 agnoverit
692 3126 831 3199 (vide
864 3127 1007 3200 apud
1042 3127 1289 3198 Bianchi,
1320 3129 1496 3185 Traite'
1526 3130 1588 3185 de
1625 3131 1675 3185 la
1696 3132 1973 3203 puis-sance

112 3213 502 3291 ecclesias-tique,
531 3226 569 3276 t.
600 3222 661 3291 ΙΙ,
690 3240 744 3296 p.
778 3223 903 3289 725,
936 3223 1107 3291 Paris,
1138 3225 1332 3299 1857).

185 3308 285 3366 XV.
330 3315 540 3372 Sanc-rus
575 3319 689 3375 Pius
713 3322 774 3390 V,
802 3323 1192 3379 constitutione
1211 3342 1310 3379 sua
1335 3325 1575 3397 Reqnans
1596 3327 1651 3380 in
1678 3325 1833 3387 caelia,
1862 3322 1969 3379 dici

113 3404 182 3459 25
208 3404 465 3464 februarii
493 3411 655 3483 1569,
691 3415 1045 3489 depositionis
1076 3420 1401 3476 sententiam
1440 3420 1818 3495 pronuntiavit
1843 3436 1970 3473 con-

116 3505 194 3554 tra
221 3499 477 3573 Reginam
497 3506 695 3578 Angliae
713 3511 1005 3568 Elisabeth.
1029 3514 1314 3588 Simulque
1337 3516 1631 3572 declaravit
1653 3533 1710 3570 sc
1738 3513 1791 3567 id
1815 3529 1974 3583 agere

0 3602 18 3610 ’
112 3597 430 3654 auctoritate
456 3599 560 3655 sibi
597 3601 653 3657 in
679 3603 822 3662 Beati
845 3609 982 3664 Petri
1011 3628 1241 3684 persona
1269 3631 1298 3667 a
1326 3611 1537 3667 Christo
1566 3610 1782 3666 collata.

348 3718 407 3749 111.
1676 3712 1731 3756 14
