2352 4126
240 275 296 322 16
537 318 541 323 .
914 269 1210 320 TRACTATUS
1241 268 1308 315 DE
1338 268 1486 316 PAPA.

238 382 428 456 aliquis
465 383 604 457 quod
635 401 783 456 reyes
827 389 876 438 et
908 381 1177 454 principes
1221 376 1594 450 spiritualiter,
1640 397 1749 436 non
1799 387 2158 459 temporaliter

236 484 440 540 subsint
476 483 727 540 Ecclesiae
750 502 767 535 .·
792 481 885 536 secl
910 479 1012 534 haec
1042 477 1273 532 dicentes
1299 478 1404 533 vim
1434 481 1730 550 arqumenti
1757 498 1865 537 non
1902 486 2115 558 capiunt
2138 507 2154 539 .-

240 601 365 639 nam
384 584 432 638 si
453 581 626 638 solum
657 577 1005 654 spiritualiter
1030 593 1177 648 reyes
1211 582 1262 630 et
1295 577 1564 650 principes
1594 579 1867 634 subessent
1890 579 2150 656 Ecclesiae,

236 702 344 738 non
365 689 501 739 esset
519 679 725 753 gladius
749 677 843 732 sub
878 674 1074 747 qladi0,
1105 693 1212 730 non
1239 683 1412 731 essent
1440 678 1751 751 temporalia
1782 679 1877 734 sub
1905 682 2154 753 spiritua-

235 780 388 844 libus,
429 795 538 834 non
562 782 696 832 esset
721 773 851 829 ordo
871 774 927 827 in
956 774 1320 846 potesta-tibus,
1349 791 1458 829 non
1490 775 1864 832 reducerentur
1896 779 2077 850 infima
2101 781 2156 836 in

231 895 479 952 suprema
491 894 591 950 per
613 874 807 931 media.
835 872 937 948 (De
947 880 1213 947 potestate
1242 874 1617 947 ecclesiastica,
1638 881 1794 950 parte
1811 877 1854 947 I,
1884 895 2003 953 cap.
2029 899 2148 935 xxx.

230 974 479 1050 —Apud
513 972 941 1039 Bellarminum‚
983 971 1232 1046 praefatio
1272 973 1332 1028 in
1363 973 1702 1047 Barclaium,
1735 995 1860 1051 pag.
1908 997 1980 1048 lv,
2016 978 2149 1034 edit.

233 1071 550 1143 Mediolani,
578 1077 620 1128 t.
643 1072 684 1138 Ι,
714 1070 819 1127 sub
837 1070 1066 1128 initium
1091 1071 1440 1142 voluminis.)
1467 1106 1538 1114 —
1565 1073 1678 1129 Rea:
1698 1073 1940 1131 Franciae
1967 1095 2153 1134 secun.-

232 1174 355 1229 dum
382 1174 511 1246 jura
530 1190 638 1228 non
664 1172 839 1227 subest
859 1189 1060 1226 summo
1087 1171 1352 1246 Pontifici,
1380 1190 1475 1227 nec
1509 1175 1554 1227 ei
1591 1180 1796 1229 tenetur
1835 1178 2154 1249 respondere

235 1272 299 1326 de
331 1272 489 1345 feudo
512 1272 594 1326 sui
611 1292 629 1335 ,·
667 1276 845 1345 potest
876 1277 1050 1325 tamen
1077 1271 1122 1325 ei
1159 1271 1424 1343 subjacere
1455 1272 1745 1327 incidenter
1778 1280 1827 1328 et
1867 1275 2150 1332 casualiter

226 1371 434 1425 ratione
468 1370 808 1425 connectionis
835 1368 1051 1440 alicujus
1086 1386 1258 1423 causae
1290 1370 1602 1442 spiritualis,
1631 1372 1764 1426 sicut
1794 1373 2012 1428 habetur
2037 1374 2148 1430 Esc-

223 1472 524 1543 travayanti
550 1470 614 1525 de
632 1469 869 1543 judiciiS,
884 1467 1273 1541 capiteNovita.
1294 1469 1473 1543 (Apud
1488 1469 1741 1542 Bianclli,
1767 1471 1989 1528 Potesta
2009 1474 2149 1530 della

223 1568 437 1639 Chiesa,
466 1573 507 1623 t.
544 1568 585 1637 Ι,
624 1586 681 1642 p.
711 1568 806 1638 96,
836 1566 970 1623 edit.
1004 1565 1192 1622 Romae
1223 1565 1417 1639 1745.)

299 1669 492 1724 Tenus
530 1667 618 1722 111.
659 1701 735 1707 —
766 1667 951 1722 Electo
993 1666 1062 1722 ad
1108 1684 1397 1722 summum
1435 1666 1823 1724 Pontificatum
1869 1669 2146 1744 discipulo

220 1786 351 1839 δυο,
370 1765 696 1825 monasterii
726 1765 1192 1823 sanctiAnastasii
1219 1765 1441 1832 abbate,
1465 1766 1561 1839 qui
1590 1766 1827 1840 Eugenii
1855 1768 1921 1823 111
1942 1787 2146 1825 nomen

219 1868 547 1942 assumpsit,
578 1865 798 1942 scripsit
827 1872 1050 1922 sanctus
1074 1864 1391 1921 Bernardus
1421 1865 1490 1920 ad
1518 1865 1781 1922 Romanae
1809 1867 1980 1922 eurise
2011 1885 2146 1941 prae-

217 1969 364 2024 latos
394 1966 709 2042 epistolam,
741 1983 850 2039 qua
877 1965 955 2021 sic
989 1964 1423 2020 admirationem
1467 1981 1628 2019 suam
1673 1964 1740 2021 de
1773 1970 1888 2022 tam
1917 1965 2143 2023 insolita

218 2067 493 2142 simplicis
522 2065 783 2122 monachi
819 2063 1173 2138 promotione
1217 2062 1530 2136 signifieat:
1566 2063 1701 2130 Quid
1737 2067 1896 2137 initur
1920 2069 2143 2122 rationis

213 2189 307 2226 seu
343 2170 546 2226 consilii
590 2168 788 2236 habuit,
835 2166 1082 2238 defuncto
1124 2182 1326 2219 summo
1370 2164 1650 2235 Pontifice,
1690 2174 1902 2237 repente
1937 2168 2142 2221 irruere

215 2273 268 2325 in
316 2270 572 2325 hominem
614 2267 958 2335 rusticanum,
1004 2264 1189 2318 latenti
1233 2263 1453 2333 injicere
1494 2279 1702 2328 manus,
1749 2271 1796 2318 et
1839 2282 2062 2319 excussa
2112 2283 2139 2320 e

219 2370 454 2424 manibus
494 2367 666 2422 securi
716 2372 767 2419 et
802 2365 943 2417 ascia
986 2361 1067 2416 vel
1100 2361 1293 2434 liyone,
1326 2362 1378 2415 in
1402 2362 1662 2432 palatium
1695 2362 1925 2431 trahere,
1966 2364 2141 2421 levare

215 2468 267 2520 in
312 2464 639 2531 cathedram,
681 2461 905 2517 induere
945 2477 1184 2534 purpura
1224 2466 1274 2515 et
1315 2461 1488 2533 byssO,
1538 2462 1807 2533 accinqere
1847 2463 2025 2535 yladio
2070 2466 2140 2520 ad

214 2562 513 2635 faciendam
539 2561 821 2616 vindictam
855 2561 909 2613 in
935 2560 1258 2630 nationibuS,
1302 2560 1687 2632 increpationes
1730 2562 1783 2615 in
1809 2563 2044 2634 populis,
2069 2565 2139 2619 ad

215 2660 515 2733 alliyandos
549 2676 695 2730 reyes
729 2675 909 2712 eorum
942 2657 996 2710 in
1024 2657 1380 2729 compedibus,
1415 2664 1465 2712 et
1501 2658 1699 2713 nobiles
1729 2676 1909 2713 eorum
1943 2661 1998 2714 in
2022 2679 2134 2716 ma—

216 2759 346 2814 nicis
388 2755 616 2830 ferreis?
643 2753 729 2809 Sic
763 2771 870 2808 non
904 2759 1017 2807 erat
1058 2753 1197 2806 inter
1229 2770 1320 2807 vos
1347 2755 1562 2826 sapiens
1597 2762 1646 2809 et
1677 2758 2020 2826 exercitatus,
2053 2759 2135 2812 cui

213 2857 386 2929 potius
428 2856 530 2910 ista
568 2852 934 2909 convenirent?
979 2850 1279 2906 Ridiculum
1313 2854 1554 2924 profecto
1597 2853 1802 2908 videtur
1837 2871 2134 2926 pannosum

215 2955 615 3010 homuncionem
645 2952 837 3006 assumi
862 2950 932 3004 acl
959 2950 1357 3022 praesidendum
1379 2952 1722 3025 principibus,
1757 2951 1827 3006 ad
1864 2953 2130 3024 imperan-

219 3056 341 3110 dum
373 3054 653 3128 episcopis,
695 3069 757 3105 Ao
796 3067 959 3104 REGNA
994 3068 1054 3103 ET
1100 3068 1293 3103 mmmm
1334 3069 1652 3104 mspoNnnm.
1695 3034 2014 3118 Ridiculum,
2059 3068 2129 3104 an

218 3151 560 3207 miraculum?
597 3148 760 3205 Plane
797 3165 960 3202 unum
1009 3147 1262 3201 horum...
1315 3145 1498 3219 (epist.
1551 3146 1706 3219 257).
1751 3145 1911 3201 Notet
1954 3146 2128 3201 lector

214 3251 378 3308 verba
417 3252 577 3306 haec:
623 3248 704 3304 Ad
744 3265 907 3319 reyna
953 3254 1002 3301 et
1044 3247 1266 3318 imperia
1309 3246 1656 3332 disponenda.
1701 3244 1813 3300 Nisi
1848 3245 2127 3302 Bernardo

215 3366 544 3425 persuasum
571 3346 788 3412 fuisset,
807 3344 1057 3399 Romano
1075 3343 1328 3399 Pontifici
1357 3343 1603 3417 aliquam
1625 3349 1955 3417 potestatem
1975 3363 2125 3401 com—

212 3455 400 3524 petere
426 3447 485 3503 in
509 3464 631 3504 rem
658 3443 1022 3518 temporalem
1057 3448 1326 3508 statuum,
1357 3459 1428 3497 an
1456 3441 1838 3499 auctoritatem
1869 3444 2123 3518 papalem

211 3546 598 3612 describendO,
624 3562 747 3600 eam
775 3541 1113 3599 extendisset
1141 3540 1209 3595 ad
1241 3558 1403 3613 reqna
1432 3548 1481 3594 et
1519 3542 1736 3614 imperia
1764 3543 2123 3616 disponenda?

290 3647 426 3716 Quid
457 3647 525 3703 ad
552 3648 685 3702 hunc
719 3650 918 3700 temtum
951 3640 1206 3697 Bossuet?
1226 3673 1301 3681 —
1324 3639 1560 3696 Omnino
1598 3641 1761 3713 nihil,
1794 3661 1897 3698 cur
1932 3643 2119 3699 locum
