2340 3990
863 287 992 336 PARS
1021 285 1239 346 QUARTA.
1897 288 1981 336 187

127 413 224 456 sur
242 414 302 455 ce
330 397 449 467 sait,
496 397 688 470 repnte
711 394 938 452 certain.
968 392 1215 468 illyricus
1238 409 1307 449 en
1333 409 1363 448 a
1392 391 1493 448 fait
1513 391 1984 468 usageboubliant

126 491 263 564 qu'il
299 509 356 547 se
396 490 604 548 mettait
627 489 770 548 ainsi
797 506 864 545 en
888 487 1066 563 pleine
1090 487 1483 564 contradiction
1515 504 1642 544 avec
1670 485 1977 544 lui-meme.

126 589 257 647 Vers
291 590 343 646 la
379 589 452 646 tin
490 589 558 646 de
579 604 681 644 son
717 586 854 645 livre
882 590 1070 642 contre
1105 587 1158 643 la
1183 579 1455 660 primaute
1487 586 1562 643 du
1599 603 1757 660 pape,
1813 586 1983 659 expli-

123 693 296 760 quant
332 686 412 743 les
449 689 597 741 notes
622 682 1096 756 caracteristiques
1126 683 1193 740 de
1216 684 1587 751 l'Antechrist,
1620 683 1660 739 il
1688 683 1982 758 s’exprime

125 783 296 840 ainsi:

196 879 533 937 Antichristus
576 878 843 949 apparebit
886 881 999 932 cum
1043 877 1264 932 Romani
1315 881 1459 948 reyni
1499 879 1718 950 defectio
1771 880 1882 950 fiet,
1931 887 1982 934 et

125 977 302 1032 reddet
321 975 562 1032 Romanis
601 974 905 1043 libertatem,
938 974 1031 1028 snb
1057 992 1151 1028 suo
1189 982 1360 1029 tamen
1391 977 1615 1029 nomine.
1657 977 1762 1030 Hoc
1794 977 1982 1032 accidit

123 1076 241 1129 ante
262 1089 423 1127 annos
452 1069 576 1138 700,
597 1074 709 1126 cam
733 1069 1020 1125 Romanum
1047 1073 1314 1142 imperium
1340 1072 1539 1130 ruebat,
1570 1078 1619 1124 et
1648 1075 1677 1125 ἁ
1697 1090 1841 1143 papa
1876 1092 1980 1128 non

121 1176 358 1239 tanquam
389 1165 612 1235 Caesare,
641 1166 909 1235 dictatore,
939 1166 1144 1221 consule
1184 1175 1273 1220 ctat
1295 1174 1555 1233 senatore,
1576 1168 1668 1221 secl
1703 1176 1761 1222 ut
1785 1187 1816 1223 a
1836 1188 1979 1241 papa

114 1279 346 1331 romano,
373 1262 607 1318 nonnihil
632 1265 977 1328 instauratum
1002 1271 1111 1318 est:
1138 1271 1258 1318 tunc
1284 1266 1418 1318 enim
1441 1282 1582 1335 papa
1621 1282 1770 1318 settim
1793 1273 1978 1336 poten-

113 1361 234 1414 tiam
263 1367 311 1415 et
337 1362 645 1432 impietatem
679 1363 1004 1434 propayavit.
1046 1361 1130 1416 Sic
1162 1362 1502 1434 (Apocalyps.
1537 1361 1628 1431 15)
1663 1361 1783 1415 laesa
1813 1363 1975 1417 bestia

110 1457 172 1510 ab
197 1457 302 1511 aliti
325 1458 479 1512 simili
505 1460 623 1529 ayni
655 1458 813 1512 bestiti
841 1459 1142 1513 honoratur.
1184 1458 1434 1532 Illyricos
1463 1458 1750 1531 reproduit
1776 1477 1974 1515 encore

107 1556 244 1606 cette
269 1550 571 1608 lumincuse
597 1553 1009 1627 interpretation
1048 1556 1113 1610 de
1145 1555 1519 1630 l'Apocalypse
1551 1555 1689 1610 dans
1721 1573 1803 1610 ses
1840 1555 1973 1610 Cen-

109 1644 312 1700 turies:
344 1647 511 1717 Atque
536 1651 610 1702 ita
642 1650 907 1719 imperium
940 1650 1225 1705 Romanum
1268 1652 1334 1705 acl
1378 1650 1617 1706 Carolam
1655 1658 1703 1704 et
1738 1649 1970 1705 Francos

111 1741 230 1810 (Leo
260 1742 475 1813 tertius)
504 1745 786 1809 transtulit,
815 1754 863 1800 et
897 1753 1067 1802 tamen
1099 1749 1194 1802 sibi
1225 1751 1502 1803 reservavit
1525 1751 1611 1818 jus
1639 1747 1853 1802 Francis
1881 1750 1970 1802 im·

105 1837 342 1905 perandi.
371 1839 538 1909 Atque
566 1841 678 1895 hinc
701 1843 894 1912 sactum
919 1834 991 1897 est
1019 1843 1253 1913 deinceps
1282 1851 1335 1897 ut
1361 1845 1444 1913 qiii
1475 1844 1675 1913 imperii
1709 1850 1967 1913 sceptrum

106 1935 406 2006 acciperent,
462 1954 493 1989 a
531 1937 781 2009 Pontifice
819 1942 1283 2013 inauyurarentum
1332 1949 1506 2011 estque
1547 1941 1653 1994 ltaec
1693 1942 1964 1995 translatio

99 2032 407 2100 praecipuum
448 2050 511 2086 ea·
550 2036 811 2090 miraculis
851 2039 1171 2092 Antichristi.
1219 2037 1489 2110 (Centurio
1519 2036 1594 2101 8²,
1630 2038 1785 2108 chap.
1817 2057 1866 2092 x.
1897 2071 1963 2078 —

98 2125 222 2180 Voir
247 2144 334 2182 ces
361 2134 529 2185 textos
565 2130 699 2186 dans
741 2133 1054 2200 Bellarntim
1095 2136 1169 2190 De
1206 2136 1546 2189 translatione
1580 2137 1800 2205 imperii,
1832 2140 1869 2189 t.
1900 2135 1959 2202 Π,

95 2238 151 2294 p.
173 2221 301 2291 506,
329 2224 457 2279 edit.
488 2225 552 2281 de
582 2227 792 2298 Venise,
822 2229 1015 2299 1721.)

164 2318 253 2374 Cet
271 2320 458 2376 ardent
477 2322 703 2396 disciple
723 2342 789 2380 ne
808 2325 988 2380 faisait
1006 2327 1149 2381 alors
1170 2345 1276 2399 quc
1296 2330 1510 2400 repetet·
1527 2328 1578 2381 la
1598 2327 1751 2395 lecon
1772 2329 1839 2384 de
1859 2347 1957 2384 son

95 2417 306 2472 maitre.
333 2417 431 2472 Car
458 2420 592 2475 voici
633 2431 911 2478 comment
937 2423 1103 2478 David
1129 2423 1404 2500 Ct13traeus
1436 2443 1576 2479 nous
1603 2443 1632 2479 a
1668 2427 1950 2491 transm&

94 2509 226 2568 dans
268 2530 366 2568 son
404 2518 789 2575 commentaire
829 2520 899 2575 du
938 2523 1039 2575 xute
1075 2521 1321 2594 chapitre
1366 2524 1431 2578 de
1466 2523 1857 2599 l'Apocalypse,
1903 2526 1952 2580 la

94 2604 331 2664 doctrine
370 2609 436 2666 de
469 2611 664 2670 Luther
695 2620 747 2671 et
784 2616 878 2672 des
921 2618 1184 2691 premiers
1220 2625 1553 2692 protestants
1580 2642 1589 2672 :
1618 2620 1870 2676 Lutherus
1903 2631 1952 2677 et

39 2755 42 2757 t
95 2702 183 2756 alii
209 2705 336 2760 hanc
357 2716 557 2777 partem
583 2714 790 2768 visionis
814 2715 876 2769 de
898 2733 1028 2770 noro
1053 2719 1267 2788 imperio
1298 2735 1510 2772 romano
1540 2737 1635 2790 per
1655 2722 1949 2790 pontificem

89 2802 374 2858 instaurato
413 2817 674 2864 enarrant.
705 2810 828 2867 Ciam
865 2816 999 2869 enim
1025 2822 1166 2869 vetus
1203 2818 1470 2887 imperium
1499 2817 1666 2884 Urbis,
1698 2826 1746 2871 et
1782 2817 1948 2873 Caesa·

84 2916 197 2954 rum
230 2901 574 2985 Romanorum
597 2925 691 2979 per
714 2907 961 2979 Francos,
990 2912 1200 2981 Gothos,
1232 2913 1491 2968 Vanclalos
1527 2922 1574 2969 et
1602 2915 1734 2969 alias
1771 2924 1945 2986 qentes

87 2996 364 3055 laceratam
385 3009 433 3056 et
454 3002 609 3075 plane
641 3009 919 3063 extinctum
948 3018 1099 3079 esset,
1137 3012 1395 3067 Romanus
1424 3014 1670 3084 Pontisea·
1699 3014 1800 3068 Leo
1845 3023 1945 3069 ter-

88 3092 205 3157 tias,
230 3084 411 3152 veteris
442 3099 579 3155 illius
613 3107 814 3159 romani
855 3109 1053 3178 imperii
1080 3110 1351 3180 imayinem
1392 3129 1480 3164 seu
1519 3111 1850 3165 sinmlacrum
1896 3119 1945 3165 et

90 3187 314 3244 umbram
348 3192 569 3265 aliquam
610 3203 874 3271 excitavit,
902 3208 1013 3259 ciam
1055 3205 1239 3261 Carolo
1269 3207 1591 3263 Francorum
1619 3212 1726 3279 reyi
1756 3227 1941 3263 nomen

86 3284 134 3331 et
179 3282 377 3340 titulum
422 3290 741 3362 imperatoris
779 3297 998 3354 Romani
1041 3319 1177 3357 anno
1221 3302 1409 3358 Christi
1441 3303 1571 3369 800,
1601 3306 1857 3366 attribuit,
1893 3305 1938 3356 ei

82 3377 318 3445 spiritam
343 3400 402 3437 ac
428 3389 582 3444 vitam
611 3394 819 3466 imayini
845 3414 877 3451 a
898 3416 954 3452 se
982 3401 1165 3470 effictae
1190 3401 1350 3466 dedit,
1381 3408 1437 3455 ut
1462 3404 1685 3472 sormam
1708 3401 1934 3469 aliquam

86 3476 267 3529 veteris
309 3480 504 3551 imperii
541 3489 774 3560 referret,
797 3500 847 3548 et
881 3494 1192 3568 loqueretur,
1217 3507 1266 3554 et
1296 3500 1429 3572 leqes
1469 3502 1695 3554 sanciret
1724 3498 1786 3550 de
1819 3498 1933 3549 ol‘e-

81 3569 274 3627 dientia
297 3574 471 3632 bestiae
494 3587 545 3635 et
569 3584 776 3656 imagini
813 3592 973 3663 ipsius
1008 3598 1325 3666 praestanda.
1371 3597 1513 3654 Nihil
1551 3598 1684 3651 enim
1709 3595 1816 3664 sere
1840 3611 1932 3665 po-
