2340 4062
888 339 1020 387 PARS
1047 336 1267 393 QUARTA.
1968 333 2028 379 55

140 455 316 527 potest
344 449 633 506 absolvere
657 445 943 504 subditum
967 464 995 502 a
1014 446 1332 519 juramento
1349 439 1649 509 fidelitatis,
1672 444 1909 512 negatur
1931 457 2028 496 an-

138 548 414 616 tecedenS,
458 545 654 603 saltem
695 541 959 617 capiendo
1003 543 1267 598 absolvere
1320 543 1383 595 ut
1428 542 1646 594 tantum
1692 536 1832 592 valet
1881 537 2026 593 sicut

135 647 404 714 relaxare,
444 648 499 699 et
539 659 649 697 non
685 640 780 714 jus
818 639 1115 696 declarare.
1148 661 1176 692 »
1225 638 1380 710 (Loco
1413 635 1598 704 citato,
1645 634 1715 691 ad
1751 639 1914 709 caput
1954 653 2022 690 xn

137 742 408 814 chami.)

218 839 342 895 XVI.
384 839 612 894 Ioannes
636 835 825 908 Major.
847 832 1082 890 —Licet
1113 850 1225 888 non
1261 833 1449 888 minus
1478 851 1647 906 quam
1678 833 1788 888 duo
1822 849 2027 907 praece·

143 936 334 993 dentes
371 932 664 990 Pontificiae
699 931 1012 989 auctoritati
1048 931 1322 998 infensuS,
1350 931 1597 985 concedit
1627 935 1811 986 tamen
1841 947 2028 1004 posse,

148 1052 212 1089 ex
236 1031 529 1088 rationabili
553 1048 729 1096 causa,
746 1028 993 1085 dominia
1015 1027 1334 1101 Principum
1365 1026 1432 1081 ab
1461 1026 1620 1099 ipsis,
1643 1027 2028 1083 Ecclesiastica

142 1130 485 1199 auctoritate,
512 1128 577 1184 ad
605 1128 740 1184 alios
764 1126 1050 1183 transferri
1077 1147 1088 1180 :
1118 1126 1267 1181 «Pro
1294 1123 1610 1180 rationabili
1640 1143 1806 1180 causa
1834 1126 1891 1179 in
1918 1131 2028 1181 tota

145 1227 429 1301 republica
456 1227 559 1280 hoc
583 1223 821 1280 Ecclesia
839 1221 1150 1278 dominium
1192 1219 1496 1276 transferre
1526 1224 1725 1292 potest.
1758 1219 2028 1275 Nolumus

143 1330 328 1380 tamen
355 1324 538 1380 dicere
568 1321 714 1395 quod
740 1321 807 1377 ad
835 1326 1037 1378 nutum
1063 1320 1183 1392 ejus
1209 1336 1381 1391 regna
1412 1317 1847 1374 christianorum
1870 1317 2024 1390 prin—

137 1421 350 1494 cipum,
383 1421 440 1475 in
470 1420 674 1492 quibus
699 1418 1012 1475 dominium
1042 1435 1153 1473 non
1185 1417 1347 1471 babet
1375 1415 1479 1471 nisi
1505 1415 1818 1488 regitivum,
1847 1419 2027 1470 trans-

139 1519 283 1574 ferre
309 1523 514 1591 potest;
549 1517 645 1572 sed
670 1516 767 1572 ubi
793 1520 977 1572 essent
1000 1512 1243 1570 haeretici
1269 1519 1324 1569 et
1339 1512 1503 1568 fidem
1528 1517 1774 1567 evertere
1797 1511 2025 1567 molien-

140 1619 247 1684 teS,
274 1614 381 1669 Rex
408 1613 909 1670 christianissimus
950 1611 1312 1686 deponendus
1341 1616 1506 1666 esset.
1550 1632 1576 1663 »
1617 1610 1696 1683 (In
1735 1611 1778 1664 II
1813 1610 2022 1665 librum

139 1710 565 1777 Sententiarum,
595 1710 838 1766 distinct.
870 1710 1034 1780 XLIV,
1057 1729 1110 1783 q.
1131 1709 1225 1781 111.)

217 1805 365 1860 XVII.
392 1807 620 1861 Ioannes
649 1806 832 1861 Faber.
865 1838 934 1846 —
960 1805 1267 1862 Advocatus
1291 1805 1625 1860 Parlamenti
1666 1804 2021 1874 Parisiensis,

142 1908 394 1957 mortuus
420 1920 565 1956 anno
597 1902 735 1957 1541
768 1923 779 1955 :
812 1922 840 1954 «
870 1902 972 1957 Sed
1001 1902 1068 1957 de
1091 1902 1232 1976 Papa
1260 1920 1371 1957 non
1396 1909 1479 1958 est
1522 1903 1757 1958 dubium
1784 1904 1922 1976 quin
1956 1904 2027 1959 sit

139 1999 391 2070 superior
416 1999 675 2054 omnibus
709 1998 1044 2069 christianiS,
1072 2004 1124 2054 et
1161 1999 1220 2053 in
1253 1999 1644 2072 temporalibus
1681 2006 1734 2055 et
1765 2000 1823 2053 in
1861 2001 2023 2073 spiri-

139 2093 446 2150 tualibus...
489 2096 621 2150 Cum
658 2097 839 2168 agitur
869 2096 936 2151 de
958 2096 1277 2169 praejudicio
1303 2097 1504 2152 anima}
1530 2097 1613 2152 vel
1643 2097 1853 2170 populi,
1884 2098 2024 2172 Papa

137 2195 315 2262 potest
339 2196 391 2245 et
420 2191 578 2246 debet
604 2192 910 2264 providere,
942 2199 996 2247 et
1020 2192 1065 2246 si
1090 2210 1315 2248 necesse
1353 2194 1422 2248 sit
1452 2212 1835 2266 quoscumque
1864 2213 2023 2266 reges

133 2288 464 2361 deponere.»
494 2289 572 2361 (ln
598 2291 773 2362 legem
795 2288 1054 2363 primam,
1070 2308 1126 2345 n.
1151 2289 1243 2359 10,
1264 2308 1313 2344 c.
1337 2291 1404 2345 de
1430 2283 1655 2344 Summ'a
1676 2292 1823 2346 Trin.
1844 2298 1896 2347 et
1916 2292 2021 2348 lide

137 2387 281 2441 cath.
315 2421 382 2427 —
406 2388 563 2461 Apud
583 2387 975 2444 Bellarminum
1007 2388 1064 2443 in
1094 2387 1418 2444 Praefatione
1443 2394 1631 2444 contra
1657 2389 2014 2462 Barclaium.)

210 2484 377 2538 XVIII.
441 2486 475 2540 J
480 2503 671 2541 ommes
731 2486 1002 2553 Quintinus
1064 2487 1314 2558 Haedum,
1373 2487 1567 2560 gallice
1633 2487 2015 2555 Jean-Qnintm

142 2578 387 2648 d'Aatun,
403 2570 598 2654 quijus
610 2582 939 2639 canonicum
952 2583 1136 2639 docuit
1150 2565 1395 2649 Parisiis,
1415 2584 1659 2657 obiitque
1676 2603 1804 2639 ann.
1830 2585 1970 2641 1561
2001 2605 2012 2639 :

139 2696 165 2726 c<
205 2676 381 2738 Quare
416 2677 673 2750 ponimus
712 2684 1015 2752 utrumque
1054 2679 1302 2752 gladium
1337 2680 1587 2735 Ecclesiae
1629 2681 1819 2735 datum
1860 2698 2014 2747 esse3

137 2773 239 2826 hoc
260 2779 342 2827 cst
381 2773 636 2830 Ecclesiae
658 2774 973 2833 Pontificem
998 2777 1200 2832 habere
1219 2777 1311 2851 jus
1341 2784 1395 2833 et
1421 2784 1746 2850 potestatem
1776 2779 1833 2832 in
1861 2779 2023 2853 spiri-

136 2867 305 2923 tualia
339 2869 502 2943 simul
532 2876 584 2926 et
609 2872 959 2946 temporalia;
986 2881 1150 2947 atque
1179 2875 1245 2931 de
1274 2875 1357 2930 his
1379 2881 1619 2932 statuere
1642 2883 1695 2931 et
1722 2877 2019 2932 decernere

132 2983 198 3020 cx
227 2984 388 3022 causa
415 2985 596 3041 posse,
622 2970 779 3042 cujus
814 2970 1049 3028 decretis
1076 2974 1333 3029 standum
1363 2995 1371 3024 :
1412 2991 1540 3028 nam
1569 2973 1818 3047 quamvis
1849 2975 2016 3030 homo

134 3062 206 3116 sit
243 3065 515 3136 mortaliS,
559 3073 742 3123 tamen
774 3068 987 3125 coelesti
1019 3075 1285 3144 potestate
1311 3071 1549 3144 pollet...
1588 3073 1695 3128 lloc
1725 3072 1851 3144 jure
1875 3074 2014 3146 Papa

135 3158 439 3230 ZachariaS,
470 3181 614 3218 anno
634 3164 835 3221 Christi
866 3166 977 3221 nati
1006 3167 1136 3237 755,
1163 3167 1533 3223 Childericum
1557 3170 1718 3241 longa
1741 3170 2014 3242 majorum

139 3255 280 3311 serie
305 3256 614 3329 legitimum
643 3260 829 3318 Galliae
853 3280 1040 3337 regem
1062 3270 1114 3320 et
1135 3283 1511 3338 possessorem
1531 3284 1700 3339 regno
1724 3268 1863 3322 avito
1894 3268 2015 3322 des-

141 3348 310 3421 tituit,
344 3359 395 3408 et
431 3355 488 3409 in
522 3356 637 3429 ejus
675 3359 856 3414 locum
888 3359 1144 3434 Pipinum
1169 3362 1386 3435 Belgam
1412 3364 1725 3430 substituit,
1759 3369 2015 3419 causatus

140 3452 421 3515 peccatum
456 3468 594 3519 esse,
635 3452 918 3512 hominem
954 3462 1119 3514 tantae
1166 3459 1438 3532 imparem
1464 3461 1738 3533 potestati,
1779 3461 2012 3513 inertem

136 3547 187 3594 et
215 3541 353 3596 nihil
382 3553 651 3619 agentem,
679 3552 999 3626 reipublicae
1022 3555 1400 3627 gubernacula
1425 3558 1773 3613 moderari...
1803 3555 1939 3608 Hinc
1961 3559 2015 3610 et

136 3637 260 3708 Leo,
293 3643 354 3694 ut
386 3639 629 3699 Pontifex
652 3663 940 3718 romanus,
977 3652 1172 3710 eadem
1210 3652 1380 3710 fultus
1409 3653 1732 3710 auctoritate
1758 3649 2011 3706 Carolum
