2352 4126
173 361 251 397 vm
684 325 689 327 *
977 338 1268 389 Pnofflumn.

260 473 581 536 Pnoposrrio
621 471 741 536 VII.
787 507 870 518 —-
911 468 1093 551 Erqoj}
1118 487 1430 530 erroneum
1483 479 1561 530 est
1610 477 1859 550 systema
1887 515 1902 544 ,
1964 489 2079 552 quo

177 577 508 662 infallibilis
533 577 765 661 quidem
787 579 962 658 Papa
997 571 1355 647 declaratur,
1387 573 1485 635 sed
1528 569 1889 634 solummodo
1933 592 2082 654 qua-

174 695 340 747 tenus
384 684 874 758 instrumentum,
921 700 1032 763 per
1078 679 1229 763 quod
1269 678 1529 742 Ecclesiae
1575 679 1713 762 fides
1754 689 1991 740 resonat
2027 688 2081 740 et

171 791 439 854 edioitur.
477 827 561 836 —-
618 790 817 870 Hujus
867 807 1066 869 nuper
1108 788 1361 850 invectae
1421 786 1784 848 subtilitatis
1845 785 2082 846 falsitas

170 899 261 961 sic
280 898 520 960 ostendi
547 904 782 978 potest:
811 896 971 956 --1ο
1002 897 1068 957 in
1103 915 1170 958 eo
1203 903 1564 977 systemate,
1599 893 1908 955 Romanus
1934 891 2083 953 Pon-

167 1003 312 1065 tifex
351 1002 699 1064 infallibilis
763 1021 887 1064 non
953 1011 1113 1063 esset
1176 1003 1294 1063 nisi
1335 1010 1632 1083 *tanquam
1665 997 1886 1062 relator
1938 998 2082 1060 fidei

169 1109 462 1185 aliorum3
509 1103 573 1171 'et
616 1109 870 1192 quidem
921 1110 985 1171 in
1048 1111 1162 1171 hoc
1203 1109 1329 1171 solo
1375 1127 1565 1170 sensu
1609 1107 1774 1190 quod
1822 1106 2084 1168 referret

167 1216 298 1278 siue
331 1215 682 1279 alteration-e
710 1217 772 1279 id
799 1217 963 1298 quod
998 1217 1262 1278 credunt
1292 1215 1420 1277 alii.
1458 1215 1625 1285 Quod
1657 1234 1882 1296 nempe
1907 1213 2079 1292 fides,

98 1319 100 1321 ’
173 1323 262 1384 sic
303 1342 335 1384 a
382 1322 655 1384 Romano
705 1321 999 1385 Pontifice
1055 1322 1283 1399 relata,
1335 1321 1756 1383 infallibiliter
1793 1341 1934 1382 vera
1978 1322 2078 1397 sit,

170 1430 523 1510 proveniret
575 1448 646 1490 ex
697 1449 765 1491 eo
816 1430 982 1511 quod
1045 1428 1320 1490 Christus
1386 1427 1785 1488 infallibilem
1841 1429 2085 1490 fecisset

172 1535 460 1597 Ecclesiae
511 1537 735 1613 fidem;
800 1556 922 1598 non
970 1544 1179 1598 autem
1221 1555 1291 1597 ex
1341 1555 1409 1596 eo
1466 1535 1630 1616 quod
1686 1535 2079 1597 infallibilem

175 1643 420 1704 fecisset
463 1644 648 1705 fidem
701 1645 899 1725 ipsam
940 1644 1195 1705 Romani
1241 1641 1578 1704 Pontificis.
1616 1642 1786 1704 Unde
1827 1643 2084 1706 Romani

179 1745 490 1810 Pontificis
551 1751 892 1812 inerrantia
956 1758 1083 1811 tota
1137 1750 1503 1811 consisteret
1560 1750 1624 1809 in
1678 1752 2085 1831 praerogativa

178 1855 486 1918 referendi
518 1858 651 1918 sine
700 1858 1080 1933 alteratione,
1133 1857 1589 1918 transcribendi
1642 1857 1777 1919 sine
1830 1859 2080 1935 mendo,

177 1959 486 2022 clamandi
518 1963 651 2023 sine
684 1964 1027 2025 mutatione
1055 1964 1115 2024 id
1140 1964 1304 2044 quod
1340 1962 1534 2023 credit
1566 1960 1860 2024 Ecclesia.
1901 1962 2084 2044 Equi-

175 2067 314 2128 dem
359 2087 564 2130 errare
610 2090 733 2130 non
784 2079 990 2151 posset
1020 2070 1299 2131 Pontifex
1335 2090 1540 2131 veram
1571 2071 1876 2132 credendo
1904 2070 2078 2133 illam

176 2175 369 2256 ipsam
414 2174 698 2239 Ecclesiae
747 2177 932 2239 fidem
975 2198 1160 2259 quam
1206 2179 1336 2258 ipse
1386 2177 1644 2238 referret
1693 2185 1753 2238 et
1799 2180 2086 2241 enuntia-

173 2289 296 2358 ret3
347 2292 407 2343 at
458 2303 526 2344 ex
569 2285 783 2345 eadem
829 2304 1082 2365 prorsus
1120 2285 1389 2360 ratione,
1435 2303 1554 2364 qua
1606 2285 1957 2347 infallibilis
1994 2295 2084 2348 est

177 2389 440 2449 minima
474 2390 699 2464 vetula,
747 2390 1083 2451 dummodo
1125 2389 1271 2451 fidei
1321 2390 1398 2451 ab
1429 2389 1694 2453 Ecclesia
1740 2393 2087 2472 praedicatae

180 2494 511 2555 adhaereat.
553 2494 747 2574 Igitur
796 2495 861 2555 in
912 2514 979 2556 eo
1043 2503 1393 2577 systemate,
1446 2495 1754 2557 Romanus
1787 2495 2083 2573 Pontifex,

181 2606 488 2680 quatenus
519 2619 551 2660 a
591 2600 834 2681 reliquo
867 2598 1156 2661 Ecclesiae
1198 2619 1454 2681 corpore
1480 2600 1834 2679 distinctus,
1865 2603 2090 2664 infalli-

186 2705 335 2766 bilis
360 2704 501 2766 fidei
533 2707 1001 2787 praerogativam
1028 2726 1151 2767 non
1180 2708 1548 2788 recepisset;
1589 2708 1695 2768 sed
1722 2727 1856 2769 eam
1885 2729 1916 2770 e
1945 2729 2088 2771 con-

180 2819 276 2874 tra
326 2813 660 2894 recepisset
704 2832 928 2893 corpus
963 2811 1268 2890 Ecclesiae,
1301 2821 1610 2893 quatenus
1660 2814 2020 2876 distinctum
2054 2835 2085 2877 a

179 2919 395 2999 capite.
444 2917 637 3000 Caput
687 2919 1014 3001 siquidem,
1066 2920 1296 2981 canalis
1349 2921 1666 2981 dumtaxat
1704 2920 1904 2983 officio
1946 2923 2084 2984 fun-

175 3042 351 3106 gens,
384 3032 443 3085 et
480 3023 767 3086 Ecclesiae
808 3024 1062 3107 reliquae
1088 3025 1272 3086 fidem
1303 3026 1768 3104 transfundens,
1796 3046 1922 3088 non
1950 3048 2084 3090 eam

178 3129 570 3191 infallibilem
598 3130 893 3211 efficeret,
913 3132 1018 3192 sed
1037 3132 1165 3212 jam
1188 3132 1586 3193 infallibilem
1609 3133 2082 3196 transmitteret.

175 3235 239 3298 Id
257 3244 467 3298 autem
502 3255 829 3299 erroneum
857 3257 987 3299 esse
1012 3245 1178 3319 patet
1212 3258 1282 3300 ex
1315 3239 1734 3319 propositione
1762 3239 1984 3320 prima.
2003 3275 2088 3285 —

178 3341 331 3405 201n
361 3363 429 3405 eo
465 3352 790 3424 systemate
812 3344 961 3406 falsa
994 3344 1201 3407 forent
1231 3346 1419 3407 verba
1445 3346 1672 3407 Christi
1697 3365 1709 3404 :
1740 3345 1858 3428 qu
1881 3347 2087 3429 roqam'

167 3469 284 3532 pro
318 3459 369 3512 te
398 3462 463 3512 ut
486 3469 606 3512 uou
635 3450 861 3531 deficiat
895 3451 1037 3532 fides
1074 3461 1203 3513 tua.
1240 3449 1389 3512 Nam
1425 3451 1703 3512 Christus
1731 3450 2086 3514 infallibilis

185 3557 328 3619 fidei
370 3559 839 3640 praerogativam
891 3558 1314 3619 constituisset
1357 3558 1422 3617 in
1463 3557 1746 3619 Ecclesiae-
1803 3577 2079 3639 corpore.

181 3663 375 3749 Capiti
401 3675 608 3728 autem
643 3666 1029 3742 contulisset,
1069 3684 1193 3727 non
1239 3667 1433 3747 ipsam
1472 3667 1875 3728 inerrantiam
1910 3666 2080 3743 fidei,
