2340 4062
287 295 345 340 92
959 285 1258 336 TRAGTATUS
1289 284 1356 332 DE
1387 285 1534 334 ΡΑΡΑ.

287 402 604 478 theologuS‚
645 401 982 476 scriptisque
1013 394 1132 453 suis
1170 393 1322 452 haud
1354 413 1580 471 parvam
1622 395 1730 452 sibi
1766 396 1976 456 famam
2010 393 2203 458 conse-

288 503 474 556 cutuS.
505 499 594 556 Sic
619 503 809 556 autem
837 493 1027 551 docuit
1056 513 1068 546 ε

308 581 312 584 ”
367 620 396 651 «
425 599 648 666 Quinta,
679 596 987 667 eademque
1011 591 1282 650 catholica
1304 593 1596 650 conclusio
1626 601 1811 650 contra
1836 612 2016 650 eorum
2040 597 2204 654 haere-

284 700 387 753 sim
419 696 516 770 qui
557 711 784 751 omnem
826 691 1089 748 abdicant
1123 691 1374 749 Pontifici
1411 693 1778 767 temporalem
1824 698 2154 768 potestatem
2185 715 2202 750 ι

284 799 529 868 potestas
556 809 922 866 quaecumque
952 790 1132 848 civilis
1165 797 1398 849 eatenus
1428 798 1510 850 est
1534 791 1926 850 ecclesiasticae
1954 794 2205 868 subjecta
2234 839 2237 844 .

286 893 344 947 in
370 890 566 946 ordine
598 890 669 946 ad
699 889 1032 964 spiritualia,
1061 895 1124 946 ut
1157 891 1299 966 Papa
1327 891 1500 966 possit
1532 909 1633 966 per
1668 910 1826 948 suam
1852 891 2202 965 spiritualem

284 995 692 1065 potestatem...
725 990 1318 1047 cunctos-christianos
1348 991 1633 1066 principes
1672 991 2082 1065 temporalibus
2106 991 2202 1048 bo·

282 1089 372 1145 nis
397 1091 621 1164 privare
650 1095 703 1146 et
737 1109 918 1164 usque
952 1089 1021 1145 ad
1053 1108 1249 1147 eorum
1277 1090 1681 1164 depositionem
1707 1091 2028 1165 procedere.
2060 1113 2087 1143 »
2119 1091 2203 1162 (In

283 1189 317 1244 4
346 1194 515 1258 sent.,
544 1189 673 1245 dist.
706 1189 856 1260 XXII,
881 1209 933 1263 q.
959 1209 1012 1255 11,
1049 1207 1098 1245 3.
1124 1190 1179 1245 2.
1200 1188 1450 1264 —Apud
1467 1189 1717 1256 Bianchi,
1742 1197 1782 1246 t.
1807 1191 1847 1260 l,
1876 1210 1931 1265 p.
1964 1189 2122 1263 109.)

356 1288 492 1344 Item
521 1289 760 1363 alicujus
779 1288 1025 1344 nominis
1051 1288 1157 1344 fuit
1180 1289 1400 1356 Suarez,
1423 1289 1518 1362 qui
1547 1289 1626 1345 sic
1647 1289 1833 1346 docuit
1863 1310 1874 1344 :
1901 1311 1928 1342 «
1950 1288 2203 1346 Ecclesia}

277 1406 390 1444 non
408 1393 628 1445 tantum
658 1395 743 1445 est
774 1389 898 1445 data
928 1395 1174 1464 potestas
1201 1390 1267 1445 ad
1287 1389 1625 1446 coercendos
1645 1388 1937 1445 haereticos
1967 1406 2069 1462 per
2096 1388 2204 1462 spi-

277 1486 508 1543 rituales
541 1505 756 1562 poenas,
801 1489 896 1544 sed
933 1488 1100 1544 etiam
1128 1507 1226 1563 per
1251 1490 1589 1562 temporales
1624 1494 1677 1544 et
1704 1487 2044 1562 corporaleS.
2082 1486 2204 1542 Ilaec

275 1587 509 1642 assertio
538 1587 706 1643 etiam
739 1596 815 1643 est
846 1588 908 1643 sle
932 1589 1055 1660 side.
1091 1610 1118 1640 »
1156 1587 1254 1659 (De
1279 1589 1401 1660 side,
1435 1588 1576 1662 disp.
1608 1608 1690 1657 xx,
1718 1592 1851 1643 sect.
1884 1607 1954 1653 111,
1986 1605 2043 1642 n.
2082 1586 2198 1658 15.)

273 1685 346 1741 De
373 1686 636 1760 opinione
664 1692 850 1742 autem
881 1706 1002 1760 quae
1028 1692 1180 1742 tenet
1206 1687 1412 1743 dictam
1443 1691 1772 1760 potestatem
1799 1685 2062 1741 Ecclesiae
2088 1702 2202 1739 non

275 1789 594 1857 competere
612 1784 806 1840 nisiex
835 1785 1194 1840 concessione
1220 1784 1566 1858 Principum,
1599 1784 1678 1838 sic
1707 1784 1907 1839 habet:
1943 1803 1970 1834 «
1994 1781 2201 1837 Censeo

276 1884 420 1938 hanc
443 1884 779 1939 sententiam
809 1902 1084 1939 erroneam
1102 1888 1155 1939 et
1174 1883 1497 1939 defensores
1516 1883 1638 1956 ejus
1657 1882 1726 1937 ad
1747 1881 2051 1936 minimum
2080 1897 2203 1936 esse

270 1979 429 2036 valde
454 1988 721 2052 suspectos
766 1982 828 2035 de
869 1983 1057 2036 haeresi
1085 1986 1138 2036 ct
1163 1983 1469 2054 manifestos
1499 1983 1853 2036 haereticorum
1879 1981 2136 2053 fautores.
2171 1999 2199 2030 »

273 2078 458 2149 ahiel„
490 2098 546 2134 n.
574 2081 690 2146 21.)
717 2080 781 2135 Et
810 2080 957 2135 infra
993 2080 1287 2154 subjungit
1318 2102 1327 2133 :
1364 2081 1636 2136 «Certum
1668 2085 1753 2135 est
1780 2079 1985 2135 habere
2015 2078 2201 2133 Eccle-

273 2178 414 2233 siam
433 2179 577 2234 hanc
596 2185 927 2253 potestatem
957 2180 1315 2236 coercitivam
1339 2179 1506 2234 etiam
1535 2196 1705 2252 supra
1732 2195 1912 2251 reges.
1943 2199 1970 2230 »
2005 2176 2195 2251 (Ibid.,

271 2297 328 2334 11.
362 2279 480 2352 ⁶25.)
500 2312 570 2319 —
590 2279 647 2333 In
671 2297 771 2334 sua
790 2280 1107 2352 Defensione
1130 2279 1253 2350 fidei
1280 2285 1464 2333 contra
1480 2277 1696 2349 Anqlos,
1727 2278 1767 2332 I.
1798 2277 1885 2343 III,
1909 2295 2028 2350 cap.
2056 2294 2195 2341 xxm,

271 2385 588 2452 propugnat
614 2379 757 2433 hanc
779 2378 1016 2434 thesim:
1041 2377 1411 2433 «Pontificem
1437 2395 1728 2432 summum
1758 2380 2027 2450 potestate
2044 2392 2198 2431 coer-

272 2477 436 2532 citiva
463 2477 520 2531 in
545 2495 701 2550 reges
726 2476 811 2532 uti
834 2495 1020 2551 posse,
1042 2495 1221 2550 usque
1239 2478 1308 2532 ad
1326 2477 1731 2552 depositionem
1757 2477 1924 2533 etiam
1942 2494 1971 2531 a
2000 2493 2193 2548 regne,

273 2577 319 2632 si
355 2595 521 2632 causa
562 2577 850 2633 subsistat.
898 2598 925 2629 »
955 2577 1019 2632 Et
1055 2583 1353 2651 postquam
1402 2578 1747 2634 mentionem
1790 2577 1922 2634 fecit
1963 2576 2031 2632 de
2077 2576 2196 2650 opi-

270 2675 438 2731 nione
465 2675 764 2742 contraria,
804 2695 973 2749 quam
1001 2676 1136 2733 dicit
1175 2677 1242 2732 ab
1286 2677 1546 2734 Ecclesiae
1591 2677 1850 2733 hostibus
1892 2675 2191 2740 invectam,

271 2774 339 2830 de
372 2792 434 2829 ea
464 2773 544 2828 sic
584 2775 912 2848 pronuntiat
946 2798 955 2829 :
992 2775 1259 2832 «Dictum
1291 2777 1538 2833 refutare
1565 2795 1799 2833 errorem
1833 2780 1887 2831 et
1924 2776 2196 2830 veritatem

271 2873 650 2929 catholicam...
685 2874 984 2931 defendere
1015 2875 1245 2932 difficile
1262 2895 1375 2933 non
1394 2876 1518 2933 erit.
1543 2899 1569 2930 »
1594 2876 1736 2932 Sane
1764 2874 1974 2950 aliquid
1995 2889 2191 2930 vocare

268 2975 540 3028 veritatem
567 2975 896 3045 catholicam,
928 2975 1077 3031 idem
1101 2981 1186 3032 est
1216 2994 1279 3031 ac
1302 2976 1357 3032 id
1376 2978 1581 3050 referre·
1599 2976 1667 3031 ad
1691 2975 1813 3047 fidei
1841 2974 2106 3046 doqmata.
2206 2993 2210 2997 ·

345 3070 482 3127 Item
510 3072 749 3146 alicujus
777 3074 1026 3130 nominis
1051 3073 1158 3131 fuit
1183 3075 1330 3132 inter
1355 3076 1644 3148 theologos
1671 3071 1968 3145 Gregorius
1995 3070 2063 3125 de
2089 3067 2188 3123 Va-

266 3169 460 3237 lentia,
491 3170 587 3244 qui
616 3170 696 3226 sic
710 3172 874 3227 habet
895 3171 962 3228 de
981 3173 1242 3246 praesenti
1269 3171 1608 3246 quaestione:
1637 3170 1789 3226 «Per
1814 3165 2024 3223 summi
2050 3165 2187 3220 Pon-

266 3268 433 3325 tificis
461 3269 852 3326 auctoritatem
880 3277 1045 3345 atque
1073 3271 1436 3340 sententiam,
1465 3269 1695 3326 omnino
1733 3270 1909 3342 potest
1937 3263 2063 3339 quis
2091 3263 2190 3318 do-

269 3369 444 3425 minio
462 3374 629 3444 atque
648 3370 975 3443 praelatione
993 3389 1120 3445 erga
1148 3371 1401 3427 subditos
1416 3368 1624 3445 privari
1650 3371 1879 3442 propter
1896 3367 2187 3439 peccatum

268 3469 558 3543 apostasiae
585 3487 615 3524 a
641 3469 768 3525 fide.
798 3470 876 3525 Ita
906 3469 1064 3527 docet
1091 3490 1315 3545 quoque
1342 3470 1396 3526 S.
1419 3469 1655 3524 Thomas
1685 3466 1774 3522 hic
1800 3490 1810 3534 ;
1836 3481 2002 3537 neque
2027 3469 2105 3518 est
2123 3461 2187 3516 de

269 3571 365 3625 hac
391 3571 680 3625 assertione
705 3570 916 3625 dubium
945 3570 1110 3626 ullam
1147 3572 1290 3643 apud
1313 3589 1434 3627 vere
1460 3569 1802 3625 orthodoaeos.
1836 3565 1970 3620 Eam
1997 3567 2186 3618 tamen

268 3676 475 3744 negant
496 3671 745 3738 haeretici,
774 3688 845 3727 ne
864 3669 911 3726 si
931 3671 1035 3726 hoc
1054 3670 1163 3745 ipsi
1187 3671 1520 3746 approbent,
1544 3670 1600 3724 in
1617 3668 1830 3743 seipsos
1851 3661 2185 3722 sententiam

2337 328 2340 329 ,
2332 199 2340 263 ...Q
