2340 3990
310 267 397 315 208
976 230 1278 314 rnAcrATns
1309 265 1375 311 nn
1405 266 1556 314 PAPA.

383 378 467 436 IV.
505 381 826 437 Innocssnrms
849 376 936 446 ΙΙΙ,
968 367 1191 432 creatus
1217 374 1466 450 pontifex
1491 394 1637 433 anno
1673 377 1841 436 1198.
1867 413 1934 422 —
1955 381 2215 458 Deposuit
2312 449 2314 454 λ

307 477 580 537 Othonem
600 481 662 535 IV
682 503 692 546 ;
724 477 859 533 item
877 475 1196 550 Philippum
1217 475 1497 532 Frederici
1518 476 1737 534 lfllium
1758 502 1768 547 ;
1794 477 1923 537 item
1946 481 2221 557 Joannem·

304 578 513 652 Anglia‘e
535 593 932 650 regem,quem
961 578 1149 630 tamen
1172 577 1363 650 postea
1391 573 1494 630 suh
1520 575 1688 632 certis
1715 577 2132 636 conditionibus
2157 581 2214 637 in
2316 624 2321 646 ‚

305 677 458 751 regia
490 675 760 749 dignitate
786 674 1032 730 restituit
1061 672 1206 748 (vide
1233 673 1379 749 apud
1408 671 1658 745 Bianchi,
1687 693 1852 750 opere
1881 676 2128 750 citat0,t.
2149 678 2214 751 ΙΙ,
2319 670 2321 706 ³

305 795 360 851 p.
395 775 526 843 455,
549 775 679 843 462,
704 774 859 849 475).
894 774 1047 830 Idem
1081 773 1352 850 pontifex,
1384 771 1443 828 in
1473 773 1709 832 concilio
1739 777 2087 834 oecumenico
2122 778 2217 835 La-

303 876 586 933 teranensi
610 876 947 932 decretalem
965 874 1158 946 edidit,
1183 893 1293 948 qua
1317 874 1581 931 statuitur
1606 875 1909 952 principes,
1930 877 2028 951 qui
2055 879 2220 936 haere-

306 976 414 1033 sim
443 997 473 1035 e
499 977 667 1035 terris
703 976 822 1034 suis
851 976 1127 1051 extirpare
1152 979 1410 1046 renuent,
1440 974 1689 1050 pontifici
1731 976 1977 1034 Romano
2005 977 2220 1035 denun-
2315 1037 2329 1047 ,Ἰ

305 1079 527 1136 tiandos
551 1083 605 1135 et
634 1079 703 1135 ab
748 1078 869 1154 ipso
911 1076 1287 1152 deponendos.
1322 1074 1477 1150 (Vide
1504 1094 1691 1152 supra,
1724 1084 1859 1134 sect.
1889 1078 1955 1147 ΙΙ,
1985 1096 2107 1153 cap.
2135 1078 2216 1153 ιι.)

382 1179 443 1235 V.
474 1178 718 1234 HONoRms
757 1177 844 1245 III,
876 1183 1096 1234 creatus
1123 1175 1373 1251 pontifex
1404 1194 1551 1232 anno
1580 1177 1750 1234 1216.
1775 1178 1923 1234 -ln
1954 1178 2221 1235 constitu·
2300 1192 2315 1234 ῃ

305 1279 456 1336 tione
501 1279 817 1353 Religiosam
840 1323 854 1351 ,
893 1279 959 1333 ad
1021 1286 1279 1334 sanctum
1321 1276 1673 1334 Dominicum
1723 1278 1932 1335 directa
1953 1323 1967 1351 ,
2016 1284 2071 1335 et
2110 1297 2219 1354 qua

304 1398 513 1436 novum
544 1379 871 1453 religiosum
899 1377 1153 1433 ordinem
1180 1394 1210 1431 a
1238 1380 1428 1433 sancto
1455 1377 1742 1434 Dominico
1769 1379 2062 1435 fundatum
2091 1398 2220 1436 con-

303 1482 511 1548 firmat,
536 1481 617 1538 sic
644 1481 831 1554 legere
853 1484 935 1536 est
958 1499 969 1534 ε
997 1502 1021 1531 «
1056 1478 1111 1533 Si
1136 1496 1243 1552 qua
1272 1477 1446 1551 igitur
1478 1478 1536 1534 in
1564 1478 1819 1536 futurum
1843 1479 2219 1538 ecclesiastica

303 1578 651 1635 saecularisve
669 1596 905 1652 persona
927 1579 1072 1633 hanc
1099 1583 1307 1634 nostrae
1325 1576 1743 1634 constitutionis
1759 1578 2019 1652 paginam
2038 1578 2219 1635 sciens

301 1683 489 1734 contra
533 1696 656 1734 eam
691 1681 902 1733 temere
928 1676 1119 1732 venire
1163 1677 1528 1734 tentaverit...
1551 1677 1838 1752 potestatis
1880 1678 2220 1752 honorisque
2282 1722 2289 1757 4

300 1775 390 1832 sui
430 1781 617 1832 careat
658 1776 947 1849 dignitate.
995 1776 1326 1851 (Bullarium
1371 1776 1587 1833 ordinis
1618 1777 2072 1852 praedicatorum,
2100 1784 2142 1836 t.
2176 1778 2214 1845 I,
2284 1791 2286 1793 ’

301 1894 426 1952 pag.
459 1876 515 1946 5,
548 1876 763 1932 editum
795 1877 983 1933 Romae
1012 1877 1203 1951 1729.)
1243 1878 1372 1943 Quae
1406 1878 1651 1934 formula
1691 1877 1931 1935 occurrit
1961 1877 2125 1934 etiam
2161 1877 2219 1933 in

301 1975 412 2032 alia
448 1969 860 2034 constitutione.
895 1977 1084 2052 (Ibid.,
1114 1996 1167 2052 p.
1199 1978 1278 2051 7.)

381 2076 465 2131 VI.
504 2076 780 2132 Ganoomus
805 2076 892 2147 IX,
918 2081 1135 2133 creatus
1161 2076 1406 2151 pontifex
1439 2095 1584 2134 anno
1612 2077 1779 2134 1245.
1804 2079 1949 2134 —In
1978 2078 2219 2154 impera·
2295 2142 2300 2148 ,
2333 2078 2340 2097 ²

298 2181 478 2233 torem
523 2175 881 2233 Fredericum
924 2177 966 2231 II
1008 2177 1374 2252 depositionis
1434 2177 1770 2234 sententiam
1813 2178 2217 2254 pronuntiavit,

299 2282 464 2352 prout
497 2276 735 2358 ipsemet
761 2276 840 2333 sic
867 2282 1126 2351 testatur,
1157 2279 1214 2333 in
1256 2278 1456 2334 litteris
1482 2278 1551 2334 ad
1575 2295 1742 2334 suum
1775 2278 1833 2334 in
1856 2279 2049 2353 Anglia
2076 2279 2222 2354 lega·
2296 2351 2297 2354 Ἴ

298 2382 422 2432 tum
463 2376 812 2433 cardinalem
853 2377 1164 2435 Othonem:
1205 2399 1232 2431 «
1262 2377 1323 2432 In
1361 2397 1491 2434 eum
1537 2379 2131 2436 excommunicationis
2168 2385 2222 2436 et

298 2475 668 2531 anathematis
707 2476 1043 2532 sententiam
1097 2476 1360 2534 duximus
1417 2478 1985 2553 promulgandam...:
2026 2497 2222 2536 omnes

302 2575 396 2649 qui
427 2575 478 2632 ei
510 2575 795 2632 fidelitatis
830 2575 1157 2650 juramento
1191 2582 1456 2635 tenentur
1484 2578 1833 2636 decernendo
1868 2579 1935 2635 ab
1962 2580 2219 2636 ohserva-

301 2673 454 2730 tione
471 2674 775 2749 juramenti
809 2675 1135 2750 hujusmodi
1165 2678 1470 2750 absolutOS,
1513 2684 1568 2736 et
1609 2679 1847 2736 firmiter
1874 2679 2220 2755 prohibendo
2321 2729 2326 2747 ‚

302 2795 372 2833 ne
400 2776 504 2833 sibi
536 2776 864 2836 fidelitatem
900 2779 1215 2850 observent,
1241 2780 1417 2837 donec
1455 2780 1627 2838 fuerit
1652 2781 1876 2838 vinculo
1903 2799 2221 2839 excommu-
2297 2787 2319 2851 TA

303 2871 601 2935 nicationis
629 2878 948 2936 adstrictus
976 2901 1003 2933 »
1027 2879 1428 2954 (Conciliorum
1465 2882 1636 2940 Coleti
1664 2887 1705 2938 t.
1731 2883 1865 2957 XIII,
1894 2883 2001 2939 col.
2026 2882 2218 2956 1148.)

378 2976 486 3031 VII.
521 2975 846 3033 INNOCENTIUS
873 2978 957 3047 IV,
994 2985 1218 3035 creatus
1253 2980 1499 3056 pontifex
1545 3000 1690 3038 anno
1719 2981 2066 3038 1245.-1n
2096 2999 2230 3038 con--

306 3075 435 3133 cilio
479 3077 820 3134 oecumenico
862 3078 1220 3152 Lugdunensi
1266 3079 1560 3154 praefatum
1591 3079 1951 3137 Fredericum
1983 3080 2028 3135 ΙΙ
2057 3081 2222 3156 depo-

307 3175 422 3233 suit
460 3174 603 3248 (vide
648 3194 841 3251 supr-a,
884 3182 1019 3234 sect.
1048 3177 1114 3250 ΙΙ,
1162 3195 1284 3252 cap.
1313 3179 1408 3252 111).
1450 3177 1587 3234 Item
1627 3177 1743 3250 regi
1787 3178 2104 3250 Lusitaniae,
2153 3177 2222 3235 ob

305 3277 468 3352 cujus
503 3276 818 3333 socordiam
858 3277 1140 3353 religionis
1181 3296 1339 3353 aeque
1365 3297 1427 3335 ac
1456 3278 1614 3352 regni
1647 3296 1739 3335 res
1778 3278 2218 3354 periclitabatur,

305 3376 682 3452 coadjutorem
708 3374 996 3451 imposuit.
1029 3377 1166 3435 Item
1191 3377 1435 3435 decrevit
1458 3395 1681 3452 poenam
1708 3379 2070 3455 depositionis
2101 3378 2222 3454 ipso

306 3479 450 3536 facto
473 3476 893 3544 incurrendam,
923 3482 1115 3534 contra
1143 3477 1423 3554 principes
1458 3496 1700 3552 quorum
1727 3477 2081 3554 jussionibus
2124 3479 2218 3534 ho-

307 3578 531 3636 micidia
557 3579 933 3653 patrarentur.

380 3678 508 3736 Vlll.
541 3677 836 3734 BomrAqus
864 3676 995 3748 VIII,
1019 3682 1238 3736 creatus
1266 3677 1514 3754 pontifex
1539 3696 1685 3735 anno
1709 3677 1877 3736 1295.
1900 3711 1969 3719 -
1988 3678 2067 3734 Ab
2094 3677 2213 3752 ipso
