2352 4126
899 363 959 410 m
966 362 1032 409 Rs
1060 361 1276 415 QUARTA.
1979 363 2036 409 17

155 473 325 528 istum
342 469 580 537 siluerit,
601 487 673 526 an
694 468 843 543 quod
867 467 1228 542 ignoraverit,
1246 487 1316 526 an
1339 467 1447 524 alia
1464 467 1533 526 de
1553 485 1739 536 causa,
1764 470 2032 527 nescitur.

229 570 417 625 Tast
455 568 539 624 lv.
578 601 650 613 ·—-
681 567 767 624 Sic
815 566 1129 639 Eugenium
1170 567 1236 623 111
1277 572 1503 624 sanctus
1549 567 1864 630 Bernardus
1904 568 2038 624 allo-

156 667 375 741 quitur:
405 666 482 722 De
506 672 692 722 eaetero
710 670 949 737 oportere
980 670 1028 718 te
1049 682 1162 719 esse
1184 665 1456 721 considera
1477 666 1705 738 formam
1718 667 1981 738 justitiae..
1997 708 2035 732 .,

158 770 471 818 assertorem
496 760 750 824 veritatis,
774 757 898 829 fidei
928 756 1279 829 defensorem,
1304 760 1570 815 doctorem
1603 762 1850 832 qentium,
1878 761 2039 817 chris-

162 861 416 914 tianorum
448 856 722 916 dacem...,
760 853 982 908 ultorem
1017 852 1291 919 scelerum,
1327 857 1587 912 malorum
1619 865 1908 929 metum...,
1937 859 2041 913 vir-

159 973 276 1025 ματη
298 953 603 1026 potentium,
630 950 874 1006 malleum
898 957 1267 1022 tyrannoram,
1288 968 1467 1021 requm
1483 961 1713 1023 patrem,
1738 954 1905 1027 leqam
1933 972 2043 1009 mo-

162 1053 468 1115 deratorem,
514 1066 770 1104 canonum
815 1049 1253 1120 dispensatorem,
1309 1048 1394 1102 sal
1450 1056 1619 1115 terrae,
1666 1052 1802 1106 orbis
1846 1052 2043 1123 lumen,

160 1144 477 1200 sacerdotem
511 1144 774 1209 altissimi,
810 1145 1063 1199 vicariam
1098 1143 1309 1210 Christi,
1359 1143 1621 1200 Christum
1658 1144 1886 1211 Domini,
1924 1165 2047 1219 pos-

163 1251 319 1296 tremo
358 1240 522 1295 Deam
576 1240 869 1295 Pharaonis
915 1241 1013 1314 (De
1051 1241 1506 1311 Consideratione,
1543 1241 1582 1296 l.
1620 1241 1703 1308 IV,
1749 1259 1797 1296 c.
1840 1246 1949 1307 vu).
1995 1243 2046 1297 Si

160 1337 524 1393 existimasset
545 1337 598 1392 S.
628 1337 936 1394 Bernardus
964 1339 1313 1413 spiritualem
1341 1341 1628 1395 dumtaxat
1650 1339 1896 1394 Romano
1917 1339 2050 1394 Pon-

159 1433 293 1489 tifici
329 1442 640 1509 competere
671 1437 730 1491 in
754 1454 912 1510 reges
939 1443 993 1493 et
1017 1455 1184 1510 regna
1222 1445 1568 1512 potestatem,
1602 1437 1835 1493 ridicula
1873 1438 2049 1493 decla-

161 1533 402 1588 matione
425 1534 623 1607 Papam
656 1541 899 1590 vocasset
923 1536 1169 1591 malleum
1199 1544 1557 1609 tyrannorznn.
1586 1536 1821 1610 Tyranni
1846 1535 2051 1608 quippe

162 1647 355 1700 parum
389 1638 650 1687 curarent
674 1633 914 1688 malleum
946 1632 1241 1705 ejusmodi,
1270 1633 1363 1705 qui
1387 1650 1608 1706 poenam
1637 1632 1923 1688 dumtaxat
1957 1651 2052 1687 ex-

164 1729 676 1786 communicationis
705 1730 953 1803 inssigere
991 1732 1216 1802 valeret,
1254 1732 1462 1804 absque
1501 1732 1612 1786 ullo
1647 1732 1702 1786 in
1738 1732 2052 1806 temporali-

168 1823 269 1878 bus
315 1828 676 1882 consectario.
728 1829 839 1882 Vox
887 1829 1105 1884 mallens
1154 1829 1429 1885 efficacem
1483 1829 1819 1885 coactionem
1870 1836 2047 1885 sonat.

171 1920 314 1976 Unde
341 1922 573 1978 malleus
596 1930 954 1996 tyrannorum
997 1943 1104 1980 non
1138 1931 1219 1993 est
1247 1944 1349 1981 nec
1376 1927 1482 1981 dici
1518 1934 1698 1998 potest
1732 1928 2049 1994 auctoritaS,

170 2035 288 2088 quae
322 2024 551 2089 nequeat
588 2025 847 2094 tyrannos
874 2019 1036 2074 etiam
1077 2020 1275 2076 invitos
1315 2039 1375 2076 ac
1412 2023 1716 2079 renitentes
1759 2024 2054 2079 efficaciter

168 2131 434 2169 coercere.
470 2115 623 2176 Quod
655 2116 819 2171 etiam
847 2117 1235 2189 applicandum
1264 2136 1362 2173 suo
1400 2119 1561 2173 modo
1591 2121 1737 2175 venit
1765 2119 2054 2176 locutioni-

171 2211 293 2277 hus,
325 2212 546 2267 ultorem
569 2214 838 2282 scelerum,
868 2219 920 2268 et
945 2215 1110 2268 Deam
1134 2215 1444 2270 Pharaonis.

245 2308 430 2380 Igitur,
473 2310 616 2382 quod
652 2328 681 2364 a
719 2317 903 2366 sancto
944 2309 1222 2366 Bernardo
1269 2331 1368 2386 pro
1411 2322 1557 2370 certa
1595 2333 1821 2388 prorsus
1870 2317 2055 2372 habita

171 2406 331 2460 fuerit
365 2407 592 2462 Romani
628 2409 900 2465 Pontificis
945 2410 1004 2464 in
1045 2430 1164 2467 rem
1200 2413 1562 2485 temporalem
1592 2420 1837 2469 statuum
1878 2416 2055 2487 aliqua

174 2519 296 2556 vera
323 2509 582 2575 potestaS,
617 2504 767 2560 citati
796 2511 978 2561 textus
1003 2507 1263 2563 evincunt
1289 2508 1636 2580 plenissime.

249 2597 401 2654 Nota.
420 2601 572 2656 —De
593 2600 897 2674 quaestione
919 2603 1271 2673 secundaria,
1296 2605 1613 2660 directamne
1633 2624 1699 2660 an
1724 2608 2050 2670 indirectam,

177 2695 233 2749 in
271 2697 590 2769 temporalia
625 2704 951 2772 potestatem
993 2699 1046 2756 S.
1079 2701 1392 2756 Bernardus
1422 2703 1575 2775 Papae
1620 2704 1897 2770 tribuerit,
1944 2707 2054 2760 vide

177 2794 335 2862 infra,
370 2794 608 2850 sectione
633 2795 736 2850 VII.

443 3031 467 3082 g
494 3031 531 3071 2.
553 3054 602 3061 —
623 3032 815 3074 Doctrina
835 3035 949 3076 Petri
970 3035 1252 3077 cluniacensis
1274 3038 1358 3091 (qui
1381 3038 1485 3078 obiit
1508 3050 1617 3078 anno
1640 3039 1778 3091 1156).

210 3219 213 3222 .
252 3173 300 3229 Is
327 3174 489 3230 etiam
512 3182 565 3232 et
585 3177 772 3234 Gallus
794 3187 845 3236 et
871 3187 1113 3237 sanctus,
1150 3184 1471 3255 «Quoiqu’il
1501 3184 1636 3239 n'ait
1662 3203 1760 3258 pas
1790 3187 1873 3240 ete
1895 3202 2057 3240 cano-
2093 3235 2095 3237 .

180 3268 298 3324 nise
322 3269 457 3327 dans
489 3273 569 3330 les
591 3275 814 3343 sormeS‚
851 3296 919 3333 on
947 3297 1016 3335 ne
1052 3279 1151 3335 fait
1176 3282 1328 3353 point
1369 3280 1643 3338 difficulte
1668 3282 1734 3339 de
1763 3289 1959 3338 mettre
1997 3300 2054 3337 sa

185 3363 284 3419 sete
307 3366 359 3422 le
388 3369 457 3423 25
490 3368 779 3428 decembre
804 3373 939 3430 dans
976 3375 1057 3431 les
1085 3378 1475 3455 martyrologes
1506 3379 1604 3434 des
1632 3378 1980 3435 benedictins
2006 3383 2055 3430 ct

187 3458 317 3515 dans
363 3464 503 3520 celui
540 3467 606 3523 de
629 3469 879 3526 France»
922 3471 1185 3543 (Biblioth.
1222 3479 1423 3544 sacre'e,
1456 3494 1554 3548 par
1578 3477 1658 3532 les
1686 3476 1779 3530 ΡΡ.
1818 3471 2054 3528 Richard

186 3562 236 3609 et
258 3556 476 3625 Giraud,
495 3563 683 3620 article
705 3566 879 3623 Pierre
905 3570 968 3625 de
991 3569 1195 3643 Clnny).
1226 3571 1347 3627 llaec
1366 3572 1486 3645 ejus
1508 3573 1574 3628 de
1592 3570 1851 3647 praesenti
1877 3585 2054 3640 quaes-

189 3652 335 3708 tione
368 3654 607 3713 doctrina
634 3680 646 3712 :

428 3774 485 3801 ιη.
1345 3808 1355 3819 ·
1850 3767 1875 3810 2
