2340 3990
367 377 458 423 52³8v
1035 373 1344 421 TRACTATUS
1376 374 1443 448 DE
1474 375 1622 422 PAPA.

364 487 667 545 narchicam
690 490 743 540 et
760 484 999 563 plenem,-
1029 481 1086 538 id
1112 487 1196 538 est
1219 486 1410 557 aperte
1439 481 1699 556 sequitur
1724 485 1986 542 catholici
2015 485 2318 560 dogmatis

362 571 676 643 subversio.
699 583 945 639 —Idem
983 582 1243 657 sequitur
1281 601 1346 638 ex
1385 582 1749 658 praerogativa
1791 585 2146 659 praecedenti,
2185 587 2287 645 Ro-

360 682 542 738 manis
585 680 947 737 Pontificibus
993 681 1327 736 ordina-riam
1364 681 1422 735 in
1462 698 1659 736 omnes
1698 681 1892 739 fideles
1933 689 1987 739 et
2018 682 2283 744 dioeceses

350 780 806 853 jurisdictionem
842 780 1187 837 vindicante.
1231 780 1369 835 Nam
1404 780 1452 836 si
1493 781 1635 854 Papa
1679 781 2135 854 jurisdictionem
2174 802 2310 842 nour

357 879 594 934 haberet
626 879 736 935 nisi
770 880 1036 935 mediante
1062 896 1406 952 unoquoque
1432 877 1725 952 EpiscopO,
1757 885 1854 935 aut
1888 881 2152 936 mediante
2177 864 2312 938 col-⁷

357 977 500 1051 legio
538 978 864 1053 episcopali,
902 995 1026 1034 eain
1057 977 1333 1052 reciperet
1369 977 1437 1032 ab
1475 975 1598 1032 istis
1637 976 2009 1036 intermediis.
2052 979 2311 1040 Proinde,

351 1078 673 1151 jur1sdictio
698 1080 813 1135 haec
841 1098 952 1134 non
991 1085 1141 1135 esset
1172 1079 1469 1147 ordinaria,
1510 1077 1608 1133 sed
1647 1077 1917 1152 delegata.
1956 1080 2097 1153 Ergo
2132 1098 2193 1135 ex
2220 1099 2285 1138 eo

357 1178 507 1252 quod
538 1178 610 1234 sit
640 1180 933 1245 ordinaria,
970 1178 1263 1252 simulque
1289 1177 1452 1252 plena
1480 1182 1533 1233 61
1564 1195 1851 1252 suprema,
1883 1179 2140 1254 sequitur
2163 1197 2283 1237 eam

353 1296 477 1334 esse
504 1279 884 1333 immediatmn.

425 1377 786 1432 Paffinomnm
824 1377 969 1431 XIV2.
995 1377 1328 1431 -Romano
1365 1377 1632 1448 Pontifici,
1674 1395 1737 1432 ex
1771 1379 1894 1450 jure
1935 1378 2110 1433 (livino
2150 1395 2289 1434 com-.

341 1480 474 1551 petit
505 1485 744 1549 potestas
778 1483 944 1530 certos
985 1477 1246 1546 homines‘,
1282 1494 1341 1529 ac
1389 1477 1548 1530 etiam
1592 1477 1994 1532 communitates
2035 1485 2087 1532 et
2129 1481 2294 1533 terri-²

342 1578 484 1631 toria
511 1577 772 1631 emimende'
803 1577 865 1630 ab
899 1575 1702 1647 ordinariorumjurisdictione.
1731 1607 1808 1646 ,-
1837 1574 2102 1648 Sequitur
2125 1594 2191 1632 ex
2218 1595 2281 1634 eo

349 1674 522 1748 quod,
550 1675 600 1730 vi
625 1674 923 1748 primatus,
954 1678 1291 1746 potestatem
1322 1672 1523 1730 haheat
1546 1672 1892 1729 ordinariam
1914 1680 1967 1730 et
1988 1674 2280 1732 immedia-

352 1783 466 1831 tam
510 1775 567 1829 in
595 1792 791 1830 omncs
822 1781 871 1829 et
914 1773 1164 1846 singulos
1193 1772 1383 1829 fideles
1420 1791 1484 1829 cx
1522 1773 1907 1848 praerogativis
1943 1774 2030 1829 XII
2065 1781 2120 1831 61
2150 1776 2302 1833 XIII.v

351 1875 577 1930 —Item
613 1893 677 1930 ex
713 1875 951 1946 eoquod
984 1873 1158 1955 possit
1201 1873 1448 1948 aliquam
1481 1874 1769 1931 dioecesim
1805 1876 2172 1949 restringere,
2219 1897 2279 1935 ex

350 1973 715 2050 praerogativa
767 1972 1089 2042 undecima.
1123 2006 1194 2014 —-
1225 1959 1361 2028 Item
1406 1991 1467 2029 ex
1509 1973 1886 2041 damnatione,
1929 1995 2029 2051 per
2067 1977 2280 2035 bullam
2303 1955 2318 1972 Ἀ

350 2076 630 2132 Auctorem
659 2074 803 2146 fidei,
838 2072 1208 2131 articulorum
1243 2073 1271 2129 7
1296 2079 1350 2130 et
1377 2073 1431 2140 8,
1466 2072 1777 2131 relatorum
1804 2093 1995 2151 supra,
2020 2077 2126 2134 sub
2143 2095 2282 2153 prae·

352 2175 598 2248 rogativa
634 2174 760 2229 tle.
790 2208 856 2215 —
880 2177 1016 2230 Item
1048 2193 1107 2230 cx
1135 2175 1293 2231 Brevi
1327 2174 1405 2229 Pii
1438 2174 1501 2229 VI
1526 2174 1694 2249 Super
1720 2175 2006 2232 soliditate.
2035 2177 2171 2232 Nam
2203 2177 2280 2234 ihi

352 2275 500 2331 inter
537 2293 757 2331 errores
786 2293 926 2348 quos
957 2275 1095 2332 dicit
1124 2275 1418 2330 damnatos
1442 2282 1494 2332 et
1523 2294 1664 2350 quos
1691 2276 1810 2350 ipse
1840 2277 2069 2332 damnat
2107 2277 2280 2334 istum

352 2381 607 2431 recenset
648 2376 779 2430 Pius
817 2375 880 2430 Vl
919 2398 928 2430 :
975 2398 1000 2429 «
1025 2375 1262 2452 Licitum
1311 2375 1419 2431 51111
1461 2375 1660 2432 fecisse
1699 2367 2009 2461 Pontifices,
2033 2376 2308 2435 violandi·

346 2474 474 2547 jura
510 2461 1415 2549 Episcoporum,reservandique
1445 2473 1553 2530 sihi
1595 2474 2041 2550 dispensationes
2079 2481 2132 2531 et
2172 2476 2277 2533 alia

352 2572 549 2627 munia
593 2591 716 2646 quae
762 2572 1093 2645 singulatim
1145 2577 1463 2628 recenset»
1514 2571 1763 2647 (Eybel).
1815 2573 1982 2629 Porro
2029 2577 2279 2653 recenset

336 2669 521 2744 Eybel
550 2675 604 2726 et
645 2675 1002 2743 exemptiones
1033 2670 1100 2726 de
1135 2669 1340 2743 quibus
1369 2669 1615 2743 agimus,
1646 2669 2142 2743 quaequeinsuper
2174 2668 2281 2725 sub

352 2768 579 2824 nomine
604 2768 1085 2842 dispensationum
1114 2768 1860 2841 comprehenduntur.—Et
1878 2769 2102 2824 tandem
2125 2768 2288 2842 Papaev

346 2868 442 2942 jus
484 2868 690 2942 quoad,
733 2868 871 2924 istas
916 2866 1322 2941 exemptiones,
1354 2866 1643 2922 evidenter
1683 2866 1943 2939 sequitur
1990 2885 2052 2923 ex
2099 2866 2281 2940 ipsius

347 2967 506 3040 plena
544 2972 882 3040 etsuprema
916 2965 1222 3022 Ecclesiam
1259 2965 1586 3022 universam
1623 2965 1859 3038 regendi
1901 2971 2191 3039 potestate,
2225 2970 2298 3039 et*

352 3082 420 3120 ex
446 3066 630 3123 ,verbis
661 3088 686 3118 «
712 3065 1082 3139 Quodcmnqae
1118 3063 1458 3136 ligaveris...
1487 3086 1513 3118 »
1542 3065 1616 3121 De
1657 3065 1989 3139 antiquitate
2016 3083 2079 3121 ac
2109 3064 2279 3139 aequi·

354 3166 463 3217 tate
508 3162 830 3233 hujusmodi
874 3162 1325 3238 exemptionum,
1371 3161 1572 3235 quibus
1614 3162 1897 3235 regulares
1947 3161 2015 3216 ab
2058 3161 2281 3235 Episco-

349 3259 968 3331 porumjurisdictione
992 3259 1278 3315 immunes
1304 3259 1470 3327 fiunt,
1502 3258 1627 3314 vide
1669 3257 1730 3312 in
1773 3276 1898 3315 meo
1934 3263 2176 3315 tractatu
2217 3258 2287 3314 de
2337 3283 2340 3286 ·

348 3354 476 3410 Jure
498 3355 839 3427 reynlarinm,
869 3361 1023 3430 parte
1059 3356 1116 3422 V,
1150 3360 1286 3412 sect.
1317 3376 1372 3426 11,
1403 3373 1524 3430 cap.
1558 3376 1613 3412 11.

427 3453 781 3510 Parenos-,mvl
828 3454 951 3509 xva.
992 3486 1062 3494 —
1096 3454 1338 3510 Romano
1379 3454 1625 3526 Pontifici
1658 3455 1780 3533 jure
1814 3456 1990 3511 divino
2031 3453 2299 3532 competit⁸
2334 3451 2340 3524 1

344 3562 614 3626 potestati,
661 3557 717 3610 in
761 3554 940 3627 aliqua
978 3553 1214 3609 Ecclesia
1263 3571 1357 3609 seu
1405 3554 1615 3610 dioecesi
1645 3556 1996 3611 constituendi
2029 3553 2279 3609 adminis·
2332 3553 2340 3625 ξ

351 3661 604 3710 tratorem
643 3673 736 3711 seu
785 3655 1041 3710 vicarium
1089 3654 1455 3725 apostolicum.
1499 3687 1576 3695 —
1607 3654 1881 3728 Intellige,
1925 3653 2023 3728 qui
2065 3651 2280 3726 episcoss

347 3755 533 3830 palem
576 3749 1032 3830 jurisdictionem
1078 3752 1159 3810 1111
1198 3741 1468 3826 einerceat,
1513 3753 1626 3812 sive
1648 3755 1922 3824 totalem,
1968 3753 2081 3809 sive
2119 3751 2272 3823 juxta
