2352 4126
908 393 1038 440 PARS
1074 392 1292 447 QUARTA.
1985 390 2044 436 ¹9

162 503 240 559 ris
285 502 527 576 aquilas;
576 499 792 574 gladius
814 496 957 552 Petri
995 497 1176 570 gladio
1214 493 1592 560 Constantini3
1647 499 1701 551 et
1735 493 2034 568 apostolica

163 601 321 657 sedes
348 598 669 674 praejudicat
695 594 1062 670 imperatoriae
1085 593 1363 669 potestati.

242 696 473 752 «Vestra
492 697 728 767 potestas
766 708 796 747 a
828 690 933 746 Deo
956 695 1057 756 est,
1101 708 1171 746 an
1198 692 1266 746 ab
1292 690 1648 748 hominibus?
1671 689 1860 746 Nonne
1895 689 2040 745 Deus

164 796 392 851 deorum
417 793 634 848 locutus
667 795 753 846 est
780 788 938 846 vobis
964 789 1022 843 in
1048 789 1206 844 Petro
1229 789 1417 846 dicens
1440 811 1450 843 ε
1480 790 1877 862 Quodcumque
1905 787 2042 861 liga·

163 888 307 943 veris
345 903 512 960 super
545 890 751 940 terram
779 884 885 940 erit
907 883 1139 956 ligatum
1173 884 1309 939 etin
1343 885 1520 951 coelis,
1563 890 1614 940 et
1651 884 2043 958 quodcumque

165 984 390 1040 solveris
421 1000 588 1055 super
611 988 818 1038 terram
846 981 951 1037 erit
999 980 1246 1037 solutum
1289 987 1342 1036 et
1384 981 1438 1035 in
1475 982 1666 1037 coelis?
1697 982 1875 1046 Quare.
1914 999 2042 1054 ergo

165 1086 312 1136 tanto
350 1085 594 1152 tempore
643 1086 757 1132 tam
798 1077 1164 1150 negligenter,
1211 1076 1323 1131 imo
1364 1080 1479 1130 tam
1520 1075 1821 1130 crudeliter
1860 1075 2041 1131 filium

165 1196 351 1234 meum
389 1177 598 1233 solvere
629 1176 893 1245 differtis,
923 1180 1018 1230 aut
1048 1174 1232 1248 potius
1259 1192 1370 1229 non
1396 1171 1641 1228 audetis?
1675 1171 1779 1227 Sed
1819 1173 2035 1246 dicetiS,

165 1278 302 1331 hanc
325 1279 652 1348 potestatem
683 1273 838 1329 vobis
865 1273 924 1327 in
958 1271 1253 1327 animabus
1282 1289 1392 1326 non
1418 1271 1477 1325 in
1513 1269 1842 1343 corporibus
1869 1269 2044 1326 fuisse

162 1372 538 1428 commissam.
582 1372 707 1427 Esto
739 1391 750 1423 ι
797 1376 943 1426 certe
982 1369 1189 1426 sufficit
1226 1368 1386 1424 nohis
1426 1367 1473 1424 si
1519 1385 1715 1423 eorum
1743 1366 2045 1440 ligaveritis

162 1471 372 1526 animas
404 1471 500 1543 qui
535 1470 714 1526 filium
753 1487 939 1525 meum
973 1469 1207 1542 ligatum
1249 1468 1306 1522 in
1340 1485 1561 1522 carcere
1601 1472 1827 1522 tenent:
1863 1465 2043 1521 filium

164 1586 350 1623 meum
397 1569 605 1624 solvere
643 1567 797 1624 vobis
837 1568 896 1622 in
946 1566 1197 1640 expedito
1245 1571 1349 1631 est,
1390 1565 1694 1620 dummodo
1733 1565 2046 1618 humanum

162 1665 419 1721 timorem
452 1665 543 1720 Dei
576 1665 746 1720 timor
774 1670 1070 1720 evacuet...

241 1762 535 1816 «Ecclesia
578 1763 712 1817 olim
758 1762 1126 1835 superborum
1173 1766 1226 1816 et
1269 1759 1599 1816 sublimium
1643 1759 1783 1814 colla
1821 1758 2046 1834 propria

167 1855 366 1910 virtute
407 1857 670 1929 calcabat,
713 1857 972 1930 legesque
1011 1858 1413 1930 imperatorum
1461 1875 1646 1912 sacros
1689 1874 1926 1911 canones
1965 1873 2050 1911 se-

169 1954 501 2026 quebantur.
536 1955 693 2010 Nunc
719 1961 903 2010 autem
936 1955 1129 2010 ordine
1166 1957 1408 2021 turbat0,
1438 1973 1550 2010 non
1582 1955 1763 2010 dicam
1790 1972 2047 2022 canoneS,

168 2051 259 2106 scd
305 2069 578 2106 canonum
620 2051 934 2108 conditores
983 2052 1164 2125 pravis
1203 2052 1423 2123 legibus
1460 2059 1513 2107 et
1551 2052 2049 2108 consuetudinibus

165 2147 480 2202 execrandis
521 2151 876 2202 arctantur...
904 2149 1024 2203 llaec
1059 2148 1206 2203 videt
1239 2167 1496 2204 summus
1535 2149 1804 2222 pontifex,
1846 2155 1899 2204 et
1934 2148 2050 2219 gla-

166 2242 317 2296 dium
341 2241 482 2297 Petri
510 2242 809 2315 supprimit
837 2243 896 2297 in
920 2243 1115 2314 vagina
1143 2245 1479 2316 repositum!
1509 2267 1534 2296 »
1567 2244 1726 2317 (Petri
1751 2245 2044 2309 BlesensiS,

166 2339 320 2413 epist.
351 2338 549 2394 CXLVI.
576 2372 652 2380 -—
675 2339 916 2413 Operum
944 2358 1067 2414 pag.
1096 2340 1228 2406 250,
1261 2341 1396 2396 edit.
1423 2340 1667 2407 Parisiis,
1702 2342 1894 2414 1667.)

245 2459 271 2489 «
293 2438 419 2501 Qua}
445 2437 593 2493 enim
627 2439 905 2494 excusatio
935 2438 1109 2512 possit
1133 2444 1375 2495 vestram
1395 2439 1665 2494 desidiam
1693 2445 1747 2495 et
1768 2440 2046 2495 incuriam

167 2534 414 2606 palliare,
449 2553 575 2590 cum
610 2536 869 2592 omnibus
909 2536 1136 2610 liqueat,
1169 2538 1315 2609 quod
1347 2536 1621 2592 liberandi
1652 2537 1831 2592 filium
1858 2555 2047 2592 meum

168 2631 380 2688 habetis
424 2639 751 2705 potestatem
794 2639 849 2689 et
887 2633 1214 2690 subtrahitis
1258 2634 1626 2690 voluntatem?
1672 2634 1859 2690 Nonne
1893 2635 2049 2690 Petro

169 2731 435 2803 apostolo,
471 2737 524 2787 et
560 2732 618 2786 in
652 2750 715 2787 eo
751 2732 906 2788 vobis
943 2751 974 2787 a
1009 2733 1114 2788 Deo
1149 2750 1313 2787 omne
1350 2751 1583 2806 regnum
1624 2734 1921 2806 omnisque
1957 2752 2052 2807 po·

169 2834 334 2884 testas
368 2830 605 2902 regenda
629 2831 1025 2887 committitur?
1054 2831 1379 2888 Benedictus
1410 2837 1597 2887 autem
1634 2831 1921 2897 DominuS,
1954 2831 2050 2906 qui

167 2926 332 2980 talem
359 2932 685 2999 potestatem
724 2928 875 2984 dedit
899 2929 1242 2985 hominibus,
1278 2930 1393 2985 Non
1418 2949 1534 2995 rex,
1580 2949 1691 2985 non
1723 2924 2047 3003 imperator,

169 3028 262 3077 aut
309 3022 419 3077 dux
460 3041 490 3078 a
527 3019 660 3096 jugo
701 3030 894 3081 vestrae
948 3025 1356 3098 jurisdictionis
1413 3026 1747 3082 eximitur...
1795 3027 2053 3082 Vestrum

169 3119 443 3192 agnoscite
467 3120 912 3195 principatum...
942 3123 1002 3177 Et
1031 3128 1326 3195 cognoscat
1350 3123 1631 3196 generatio
1653 3123 1844 3188 altera,
1875 3140 2042 3195 quam

170 3214 407 3271 inaniter
440 3223 709 3291 tyrannus
734 3219 829 3275 ille
856 3220 1295 3294 praesumpserit,
1340 3226 1393 3276 et
1420 3239 1588 3293 quam
1621 3226 1877 3294 potenter
1907 3238 2043 3294 prze-

173 3313 540 3387 sumptionem
566 3316 687 3388 ejus
710 3317 866 3373 sedes
888 3317 1131 3372 Romana
1158 3317 1473 3391 punierit.»
1500 3318 1691 3392 (Epist.
1721 3317 1897 3387 CXLV,
1924 3333 2051 3390 ope-

175 3423 300 3462 rum
329 3427 449 3483 pag.
484 3412 613 3477 228,
642 3413 773 3469 edit.
802 3413 1045 3482 Parisiis,
1075 3413 1272 3485 1667.)

251 3505 421 3576 Igitur
435 3511 715 3581 persuasio
733 3511 834 3567 suit
852 3512 1055 3584 reginae
1070 3512 1370 3578 Eleonorae,
1400 3530 1461 3567 ac
1475 3512 1621 3568 Petri
1637 3511 1933 3575 BlesensiS,
1954 3507 2053 3561 Ro-

179 3620 342 3657 mano
357 3602 601 3661 Pontifici
617 3608 743 3679 jure
769 3609 953 3665 divino
975 3615 1286 3683 competere
1305 3627 1494 3665 veram
1513 3614 1835 3682 potestatem
1854 3605 1910 3658 in
1930 3620 2048 3658 rem

176 3701 536 3774 temporalem
562 3709 825 3761 statuum.
855 3707 914 3761 Ei
942 3707 1215 3780 siquidem
1239 3708 1493 3764 tribuunt
1519 3710 1842 3780 potestatem
1869 3700 2046 3757 filium
