2340 3990
313 338 407 386 512
988 333 1288 382 TRACTATUS
1321 334 1388 380 DE
1418 333 1566 381 PAPA.

321 452 489 514 stant,
542 453 586 504 t.
629 448 670 517 I,
715 445 821 501 col.
866 443 1024 514 955).
1075 442 1216 517 Ergo
1263 443 1514 501 Zozimus
1550 444 1695 520 Papa
1740 445 2102 520 existimavit,
2129 412 2305 508 sibisi-

319 547 504 603 datam
545 562 666 602 esse
701 547 1033 618 potestatem
1077 561 1250 618 supra
1294 535 1534 600 canones
1574 542 1743 600 etiam
1784 544 2131 604 conciliareS.
2174 548 2254 608 Eo
2301 549 2308 586 Γ

318 650 545 700 notetur
574 660 688 698 non
715 640 870 717 parvi
903 641 1174 697 momenti
1205 641 1376 698 fuisse
1411 643 1555 697 hanc
1589 659 1869 698 canonum
1900 638 2270 703 immutatio-ri.
2292 691 2297 714 ,

317 760 466 809 nem,
491 760 597 816 qua
625 741 856 816 obligati
877 746 1009 797 sunt
1030 746 1153 797 tum
1180 741 1393 812 clerici,
1421 746 1546 798 tum
1567 742 1850 818 Episcopi,
1871 741 1992 800 tum
2012 708 2289 824 Archie-j}

315 839 530 916 piscopi
575 859 774 897 omnes
817 839 1148 911 Galliarum,
1186 839 1254 894 ad
1297 838 1630 895 obtinendas
1675 839 1890 895 litteras
1933 858 1963 895 a
2003 841 2246 915 praesule
2264 832 2316 896 t*

314 939 623 997 Arelatensi
655 939 774 1014 (qui
806 945 941 995 tunc
968 938 1209 995 vicarius
1235 943 1439 995 sanctae
1467 938 1615 994 sedis
1645 958 1747 1013 pro
1777 944 1889 995 tota
1912 939 2087 996 Gallia
2113 916 2299 1013 con-⁴³2}

317 1039 546 1096 stitutus
575 1040 798 1113 suerat),
843 1039 1064 1112 quoties
1094 1038 1300 1094 vellent
1326 1046 1480 1094 extra
1524 1037 1757 1093 Galliam
1795 1038 1903 1094 iter
1941 1017 2293 1119 susciperes}
2333 1070 2340 1116 1

317 1137 377 1193 Id
399 1142 587 1193 autem
616 1136 810 1193 statuit
836 1136 1019 1192 dictus
1047 1135 1317 1202 Pontifex,
1351 1153 1463 1190 non
1499 1135 1628 1209 quia
1664 1135 1878 1210 placuit
1905 1135 2077 1192 alicui
2115 1155 2241 1194 con-
2271 1139 2311 1199 t

323 1238 454 1295 cilio
483 1238 858 1310 oecumenicO,
885 1238 983 1294 sed
1014 1237 1140 1310 quia
1167 1238 1367 1310 placuit
1395 1237 1702 1310 apostolicae
1724 1237 1861 1292 sedi.
2276 1254 2298 1291 *at
2337 1279 2340 1282 .

397 1338 462 1394 ΙΙ.
496 1338 864 1414 Symmachus
890 1338 1034 1412 Papa
1054 1337 1111 1391 in
1137 1337 1346 1415 synodo
1365 1338 1612 1391 Romana
1631 1356 1699 1409 VI,
1723 1354 1868 1391 anno
1888 1336 1998 1392 504
2023 1336 2240 1409 (Labbe,

321 1442 364 1492 t.
410 1436 493 1503 IV,
547 1438 659 1492 col.-
695 1435 868 1506 1571)
900 1458 910 1489 :
957 1435 1064 1491 Nos
1103 1436 1242 1489 enim
1285 1441 1335 1488 et
1382 1435 1684 1505 apostolicae
1720 1435 1860 1490 sedis
1889 1436 2246 1489 moderamine
2277 1403 2309 1510 Ξζ

323 1537 683 1610 compellimur
725 1543 774 1590 et
808 1535 1281 1590 ecclesiasticarum
1317 1551 1495 1588 rerum
1539 1534 1888 1605 dispositione
1934 1536 2244 1606 constrinyi-
2282 1535 2318 1587 ’ί

321 1656 463 1704 mur,
492 1638 566 1692 sic
594 1654 851 1691 canonum
874 1643 1223 1708 paternorum
1248 1635 1457 1689 decreta
1482 1634 1696 1700 librare,
1728 1626 1934 1689 et'retro
1955 1634 2245 1708 praesulum
2282 1614 2322 1680 s*

323 1744 816 1806 (mtecessorimique
854 1740 1154 1788 nostrorum
1180 1732 1389 1787 decreta
1425 1734 1622 1801 metiri,
1666 1741 1723 1788 ut
1763 1751 1871 1805 quae
1904 1734 2247 1806 praesentium
2285 1715 2336 1765 ³³²²

320 1837 604 1891 necessitas
645 1841 931 1906 temporum
972 1834 1341 1888 restaurandis
1385 1834 1616 1889 ecclesiis
1655 1833 1952 1888 relaoeanda
1990 1836 2242 1907 eaposcit‚

322 1936 557 1990 adhibita
585 1935 821 2006 diliqenti
849 1935 1294 2004 consideratione,
1325 1942 1578 2007 quantum
1607 1935 1720 2006 sieri
1748 1941 1927 2006 potest
1953 1934 2244 1991 a'uasiliante
2299 1962 2306 1987 x

322 2035 545 2090 Domino
587 2042 956 2106 temperemus

399 2133 484 2188 ΙΙΙ.
504 2132 555 2188 S.
572 2132 941 2207 Symmachus
957 2132 1100 2206 Papa
1116 2131 1185 2186 ad
1201 2131 1254 2187 S.
1269 2131 1487 2188 Avitum
1502 2131 2240 2206 EpiscopumVicnnensem:
2299 2119 2301 2121 ³

326 2231 475 2300 Quod
499 2236 557 2306 fit
582 2241 775 2305 praeter
804 2231 1065 2305 requlam,
1096 2234 1248 2287 modo
1277 2235 1346 2288 sit
1382 2250 1445 2287 ea:
1465 2234 1615 2305 justa
1647 2251 1827 2298 causa,
1870 2250 1976 2286 non
2006 2233 2247 2303 insrinqit
2283 2266 2311 2309 ,ςΓ

324 2333 580 2406 reyulam,
613 2351 769 2404 quam
796 2331 909 2387 sola
937 2332 1231 2404 pervicacia
1272 2339 1321 2385 et
1354 2333 1686 2402 antiquitatis
1718 2338 2043 2402 contemptus
2078 2330 2242 2386 laedit.

326 2433 463 2490 Nam
491 2435 727 2505 (su-amris
764 2451 795 2487 a
830 2432 1069 2506 patribus
1094 2438 1297 2486 statuta
1326 2431 1566 2502 diliqenti
1602 2432 1965 2486 observatione
2000 2438 2047 2485 et
2075 2431 2245 2485 obser·
2300 2442 2305 2461 ¹

325 2534 470 2586 vanti
514 2532 783 2603 diligentia
823 2533 931 2585 sint
978 2530 1342 2594 custodienda‚·
1389 2529 1729 2584 nihilominus
1778 2537 2000 2602 propter
2037 2528 2247 2601 aliquod
2302 2543 2308 2563 ‘²

326 2631 516 2684 bonum
544 2632 606 2684 de
634 2633 808 2701 riqore
832 2631 958 2700 lepis
985 2630 1186 2701 aliquid
1211 2629 1507 2693 relaoeatur,
1536 2629 1673 2700 quod
1701 2635 1751 2682 et
1778 2630 1892 2701 ipsa
1919 2627 2003 2682 lex
2029 2629 2248 2683 cavisset
2303 2684 2306 2686 ,

323 2731 369 2783 si
396 2729 744 2801 praevidisset.
775 2728 842 2782 Et
871 2746 1013 2799 sae-pe
1046 2729 1254 2782 crisulele
1292 2736 1426 2782 esset
1471 2729 1713 2781 insistere
1757 2727 1873 2798 legyi,
1926 2744 2041 2780 cum
2077 2727 2247 2781 obser-

324 2831 505 2884 cantia
559 2830 671 2901 ejus
721 2846 832 2882 esse
868 2827 1300 2900 praejudiciabilis
1343 2826 1595 2882 Ecclesiae
1636 2826 1901 2880 videretur
1926 2847 1941 2878 .·
2002 2828 2247 2898 quoniam

322 2932 458 3001 {eyes
477 2947 539 2983 ea
557 2925 849 2983 intentione
869 2927 991 2981 latae
1008 2933 1131 2981 sunt
1148 2934 1205 2981 ut
1217 2927 1522 2999 proficiant,
1544 2944 1652 2981 non
1669 2932 1728 2980 ut
1748 2932 1991 2983 noceant.
2021 2925 2243 2999 (Labbe,

323 3035 365 3085 t.
395 3027 476 3093 lV,
505 3027 668 3103 epist.
700 3046 789 3096 ΧΠ,
820 3026 927 3081 col.
966 3022 1160 3100 1512.)

400 3127 485 3183 IV.
526 3125 639 3181 Sub
691 3126 861 3181 finem
906 3124 1096 3180 saeculi
1144 3145 1192 3180 1v
1230 3123 1484 3198 Episcopi
1525 3123 1724 3180 Africae
1769 3128 2133 3178 recurrerunt
2179 3121 2246 3178 ad

326 3227 382 3283 S.
404 3225 761 3281 Anastasium
781 3226 1001 3299 Papam,
1027 3230 1090 3280 ut
1110 3230 1427 3281 mutaretur
1449 3225 1627 3297 quoad
1660 3226 1805 3297 ipsos
1829 3223 1918 3277 lex
1938 3222 2191 3296 quaedam
2214 3237 2244 3274 a
2300 3239 2310 3285 g

326 3324 560 3382 concilio
581 3326 956 3390 transmarina,
980 3331 1041 3379 ut
1061 3324 1170 3398 ipsi
1192 3323 1402 3392 dicunt,
1426 3323 1482 3378 id
1500 3329 1583 3378 est
1602 3323 1869 3388 Romano,
1889 3323 2019 3378 lata.
2043 3322 2244 3378 Eorum

328 3424 623 3502 epistolam
651 3423 775 3479 vide
802 3423 950 3495 apud
975 3422 1261 3492 Coustant,
1290 3422 1399 3478 col.
1432 3422 1600 3477 5754.

407 3526 464 3581 V.
497 3524 656 3580 Initio
700 3522 953 3597 ejusdem
981 3521 1170 3578 saeculi
1209 3541 1254 3576 1v
1282 3521 1335 3577 S.
1370 3521 1699 3577 Melchiades
1737 3522 1878 3596 Papa
1906 3519 2111 3594 pariter
2143 3518 2244 3573 im-

328 3622 565 3680 mutavit
598 3620 900 3696 pristinum
939 3636 1210 3675 canonem
1242 3618 1310 3674 de
1345 3636 1459 3674 non
1498 3618 1770 3674 servando
1806 3617 2009 3691 gradus
2039 3617 2244 3671 honore

328 3722 397 3779 iis
425 3719 726 3797 episcopis,
750 3717 848 3794 qui
872 3718 933 3774 in
956 3717 1201 3774 schisma
1232 3717 1374 3792 lapsi
1400 3722 1593 3793 postea
1616 3718 1686 3773 ad
1707 3717 1976 3773 unitatem
2001 3716 2239 3771 reverte-
