2340 4062
872 317 1003 364 PARS
1031 315 1257 370 QUARTA.
1948 314 2008 361 95

207 429 263 485 1⁰
300 427 549 483 Doctrina
583 425 766 483 saeculi
792 443 871 480 xvi
905 425 973 480 de
1001 421 1243 479 clericali
1277 419 1618 496 exemptione
1638 435 1753 476 non
1786 436 1851 476 ea
1893 419 2006 477 suit

132 541 296 597 quam
333 524 491 596 fingit
529 523 774 580 Bossuet.
807 521 1020 577 Etenim
1053 521 1263 576 clericos
1302 519 1446 575 nullo
1486 517 1639 574 modo
1674 517 2002 590 Principibus

130 640 240 678 esse
262 599 517 692 subditos,
538 638 647 676 non
678 619 782 676 fuit
806 618 1054 675 omnium
1082 618 1272 674 saeculi
1297 637 1374 673 xvi
1397 615 1851 674 scholasticorum
1881 615 2008 672 doc-

128 721 294 787 trina,
329 725 490 794 prout
519 717 715 774 asserit
737 717 991 780 Bossuet;
1023 716 1194 771 immo
1220 733 1291 771 ne
1315 715 1482 772 unius
1509 714 1753 790 quidem.
1790 713 2007 770 Etenim

126 816 527 890 exemptionem
565 813 894 870 clericorum
934 811 1188 886 plerique
1218 814 1347 875 (non
1380 813 1593 882 omnes)
1633 811 1883 868 doctores
1913 829 2009 868 ca-

128 913 314 968 tholici
361 914 839 985 propugnaverunt
885 909 1164 964 dumtaxat
1218 908 1398 980 quoad
1448 911 1740 980 functiones
1792 927 2008 977 sacrm,

128 1008 298 1080 quoad
325 1009 518 1079 sorum,
547 1013 600 1060 et
625 1005 795 1077 quoad
831 1011 971 1060 certa
1005 1005 1243 1076 quaedam
1287 1022 1466 1059 onera.
1514 1004 1573 1059 In
1612 1004 1846 1078 reliquis
1877 1022 2009 1061 vero

129 1105 352 1160 subesse
382 1103 612 1158 clericos
644 1101 987 1174 Principibus
1019 1118 1326 1173 eorumque
1349 1099 1520 1173 justis
1554 1100 1773 1173 legibus
1798 1103 2012 1157 unani-

132 1200 295 1255 miter
326 1200 647 1255 docuerunt.
692 1198 798 1254 Nec
837 1215 1029 1254 eorum
1061 1197 1355 1270 quisquam
1383 1197 1523 1252 dixit
1560 1196 1795 1252 clericos
1830 1199 2006 1254 nullo-

128 1297 277 1351 modo
319 1296 666 1369 Principibus
714 1313 836 1352 esse
881 1295 1153 1353 subditos.
1196 1329 1267 1337 —
1317 1295 1579 1351 Praeterea
1623 1295 1996 1368 supradictam

130 1391 527 1464 exemptionem
562 1391 776 1447 clericis
821 1397 1131 1466 competere
1167 1390 1605 1464 independenter
1642 1409 1673 1447 a
1718 1409 2004 1448 consensu

128 1486 458 1561 Principum,
511 1490 822 1543 communius
866 1488 1088 1561 quidem
1144 1493 1563 1561 propugnarunt
1608 1487 1861 1543 doctores
1904 1503 2003 1542 sae-

130 1584 239 1638 culi
264 1604 359 1650 xvi,
389 1603 498 1640 non
523 1591 704 1641 tamen
728 1587 1056 1640 unanimiter.
1087 1585 1335 1641 Citantur
1360 1584 1633 1655 siquidem
1667 1602 1698 1639 a
1730 1583 1997 1640 Suaresio

138 1677 346 1746 (Contra
376 1679 588 1749 AiiqloS,
618 1680 656 1734 l.
685 1679 766 1744 lv,
810 1699 859 1735 c.
894 1681 946 1752 ιι)
993 1680 1247 1735 nonnulli
1274 1679 1508 1751 theologi
1535 1680 1812 1746 catholici,
1854 1680 2006 1736 inter

134 1791 272 1845 quos
291 1775 498 1829 Medina
539 1780 590 1829 et
621 1775 992 1841 CovarruviaS,
1043 1776 1316 1849 opinionis
1360 1777 1644 1832 contrariae
1685 1795 2006 1852 propugna-

130 1873 292 1923 tores,
314 1868 577 1940 Equidem
605 1870 802 1924 horum
825 1869 1092 1941 placitum
1121 1888 1150 1924 a
1174 1871 1382 1926 caeteris
1404 1878 1466 1927 ut
1484 1872 1818 1928 manifestus
1847 1891 2005 1930 error

129 1966 387 2037 rejicitur.
424 1967 486 2020 At
516 1983 796 2038 perperam
837 1966 1158 2022 declamavit
1178 1967 1399 2022 Bossuet
1428 1989 1440 2021 ε
1472 1972 1586 2039 quis
1618 1988 1646 2023 e
1674 1971 1996 2026 scholasticis

124 2069 213 2114 aut
241 2079 356 2115 vero
383 2080 411 2115 e
431 2066 728 2127 ecmonistiS,
758 2083 886 2119 cum
914 2065 1082 2136 aliqui
1111 2083 1297 2121 revera
1323 2066 1494 2138 liujus
1520 2066 1792 2140 opinionis
1817 2070 2006 2124 extite-

123 2157 258 2213 rint.

194 2253 249 2307 2⁰
289 2253 507 2309 Falsum
542 2261 621 2310 est
648 2255 955 2311 doctrinam
978 2257 1202 2325 scholae,
1232 2258 1434 2312 saeculo
1462 2279 1538 2312 xvi
1562 2260 1894 2331 generaliter
1917 2279 2005 2318 re-

124 2358 357 2424 ceptam,
389 2359 630 2425 tempore
662 2353 934 2409 Bossuetii
962 2355 1303 2411 unanimiter
1325 2357 1588 2428 rejectam
1618 2357 1811 2423 fuisse,
1837 2359 1911 2414 ita
1944 2369 2006 2416 ut

123 2449 338 2503 nullum
380 2436 665 2516 clericum,
714 2451 935 2507 nullum
983 2452 1327 2524 religiosum,
1379 2454 1597 2508 nullum
1642 2455 1998 2529 Episcopum,

126 2545 464 2602 Cardinalem
491 2548 709 2602 nullum
743 2557 1207 2622 propugnatorem
1254 2551 1473 2606 habeat.
1518 2552 1591 2607 De
1624 2571 1731 2624 quo
1761 2554 2000 2625 gratuito

122 2661 183 2698 ac
206 2646 341 2700 falso
364 2648 629 2704 Bossuetii
656 2657 860 2705 asserto
885 2650 962 2706 sic
979 2650 1322 2706 clarissimus
1341 2650 1570 2705 Bianchi
1605 2651 1762 2721 (della
1788 2651 1999 2708 Potesta

123 2741 258 2796 della
286 2742 484 2809 Chiesa,
519 2753 558 2800 t.
595 2747 636 2816 Ι,
670 2767 723 2821 p.
751 2747 880 2820 1511)
916 2770 927 2801 ε

197 2858 225 2888 «
255 2837 468 2895 Bossuet
507 2860 570 2896 ue
596 2851 833 2898 trouvera
858 2846 912 2898 ui
959 2863 1029 2898 uu
1063 2848 1258 2915 pretre,
1303 2847 1357 2899 ui.
1392 2863 1464 2900 uu
1502 2846 1771 2917 reliyieuae,
1827 2850 1882 2902 ui
1925 2867 1995 2902 uu

119 2928 337 3007 Eveslue,
374 2941 426 2993 ui
467 2958 536 2994 uu
581 2940 828 2997 Cardiual
863 2945 947 3014 qui
975 2962 1039 2998 ne
1075 2947 1345 2999 soutieuue
1385 2945 1431 2999 le
1479 2946 1616 3000 droit
1647 2947 1993 3019 d’eoeemptiou

121 3033 248 3088 daus
273 3035 320 3089 le
340 3054 456 3090 sens
483 3038 716 3109 indique'5
743 3043 774 3094 ὰ
799 3042 963 3094 moins
991 3059 1086 3112 que
1122 3042 1168 3095 le
1201 3043 1482 3096 sentiment
1513 3046 1774 3099 contraire
1804 3063 1870 3099 ue
1894 3047 1996 3100 soit

122 3129 245 3184 celui
260 3131 327 3186 du
345 3133 511 3206 clerye'
523 3135 585 3188 de
597 3133 641 3189 F
643 3154 798 3190 rauce
815 3139 919 3208 qui,
938 3155 1071 3209 pour
1084 3146 1382 3208 auqmeuter
1396 3139 1413 3192 I
1417 3157 1443 3192 e
1458 3141 1669 3195 nombre
1680 3141 1768 3195 des
1786 3142 1994 3196 Iiberte's

125 3223 186 3277 de
212 3216 411 3299 l‘Eylise
431 3231 698 3300 yallicaue,
733 3251 765 3288 a
796 3235 1058 3289 embrasse'
1084 3242 1212 3290 cette
1236 3237 1508 3291 mise'rable
1532 3239 1811 3303 servitude,
1846 3257 1909 3293 eu
1939 3257 1995 3292 se

123 3333 427 3381 soumettant
444 3332 475 3383 ὰ
491 3329 541 3384 Ia
544 3332 845 3401 juridiction
862 3332 1050 3404 laique,
1070 3341 1119 3388 et
1130 3352 1193 3388 en
1206 3352 1271 3388 ue
1285 3342 1462 3389 tenant
1487 3353 1657 3390 aucun
1676 3344 1876 3407 compte
1892 3336 1954 3389 de
1966 3353 1992 3386 s

125 3434 313 3473 canons
359 3429 407 3476 et
446 3424 531 3478 des
560 3426 655 3481 lois
682 3428 745 3482 de
767 3418 995 3500 l'qutse,
1038 3432 1123 3501 qui
1163 3430 1397 3485 doiment
1438 3450 1544 3487 auae
1580 3433 1736 3487 clercs
1773 3450 1826 3486 ce
1854 3430 1991 3484 droit

125 3513 462 3588 d'exemption
486 3536 585 3590 par
615 3533 831 3595 rapport
854 3530 886 3579 ὰ
913 3533 1053 3580 toute
1079 3529 1355 3598 puissauce
1384 3528 1582 3599 la‘ique.
1621 3529 1694 3582 Dc
1729 3530 1829 3582 hoc
1863 3524 1987 3596 ipso

123 3609 387 3667 Bossuetii
429 3623 653 3688 asserto,
682 3620 761 3676 sic
795 3621 852 3677 in
885 3624 1258 3699 manuscripta
1285 3626 1524 3698 quadam
1555 3622 1980 3680 dissertatione:
