<?xml version="1.0" encoding="UTF-8"?>
<!DOCTYPE html PUBLIC "-//W3C//DTD XHTML 1.0 Transitional//EN"
    "http://www.w3.org/TR/xhtml1/DTD/xhtml1-transitional.dtd">
<html xmlns="http://www.w3.org/1999/xhtml" xml:lang="en" lang="en">
 <head>
  <title>
</title>
<meta http-equiv="Content-Type" content="text/html;charset=utf-8" />
  <meta name='ocr-system' content='tesseract 3.04.00' />
  <meta name='ocr-capabilities' content='ocr_page ocr_carea ocr_par ocr_line ocrx_word'/>
</head>
<body>
  <div class='ocr_page' id='page_1' title='image "a548470103bouiuoft_0457.png"; bbox 0 0 2340 3990; ppageno 0'>
   <div class='ocr_carea' id='block_1_1' title="bbox 952 318 2087 375">
    <p class='ocr_par' dir='ltr' id='par_1_1' title="bbox 952 318 2087 375">
     <span class='ocr_line' id='line_1_1' title="bbox 952 318 2087 375; baseline 0.007 -8"><span class='ocrx_word' id='word_1_1' title='bbox 952 321 1081 367; x_wconf 78' lang='lat' dir='ltr'><strong>PARS</strong></span> <span class='ocrx_word' id='word_1_2' title='bbox 1110 321 1322 368; x_wconf 70' lang='lat' dir='ltr'>OCTAVA.</span> <span class='ocrx_word' id='word_1_3' title='bbox 1986 318 2087 375; x_wconf 68' lang='lat'>“⁴55</span> 
     </span>
    </p>
   </div>
   <div class='ocr_carea' id='block_1_2' title="bbox 124 421 2087 3761">
    <p class='ocr_par' dir='ltr' id='par_1_2' title="bbox 124 421 2087 786">
     <span class='ocr_line' id='line_1_2' title="bbox 206 421 2087 496; baseline 0.006 -20"><span class='ocrx_word' id='word_1_4' title='bbox 206 437 295 477; x_wconf 88' lang='lat' dir='ltr'>res</span> <span class='ocrx_word' id='word_1_5' title='bbox 330 426 390 477; x_wconf 93' lang='lat' dir='ltr'>ut</span> <span class='ocrx_word' id='word_1_6' title='bbox 426 421 492 478; x_wconf 91' lang='lat' dir='ltr'>de</span> <span class='ocrx_word' id='word_1_7' title='bbox 533 421 785 479; x_wconf 91' lang='lat' dir='ltr'>conciliis</span> <span class='ocrx_word' id='word_1_8' title='bbox 827 440 1046 496; x_wconf 88' lang='lat' dir='ltr'>quoque</span> <span class='ocrx_word' id='word_1_9' title='bbox 1083 423 1322 491; x_wconf 86' lang='lat' dir='ltr'>dicatur,</span> <span class='ocrx_word' id='word_1_10' title='bbox 1360 426 1597 483; x_wconf 85' lang='lat' dir='ltr'>subsunt</span> <span class='ocrx_word' id='word_1_11' title='bbox 1639 427 1864 484; x_wconf 90' lang='lat' dir='ltr'>omnino</span> <span class='ocrx_word' id='word_1_12' title='bbox 1909 446 2087 488; x_wconf 86' lang='lat' dir='ltr'>causae</span> 
     </span>
     <span class='ocr_line' id='line_1_3' title="bbox 207 518 2080 602; baseline 0.005 -28"><span class='ocrx_word' id='word_1_13' title='bbox 207 519 431 589; x_wconf 84' lang='lat' dir='ltr'>eaedem,</span> <span class='ocrx_word' id='word_1_14' title='bbox 459 537 592 592; x_wconf 88' lang='lat' dir='ltr'>quas</span> <span class='ocrx_word' id='word_1_15' title='bbox 617 518 728 575; x_wconf 86' lang='lat' dir='ltr'>dixi</span> <span class='ocrx_word' id='word_1_16' title='bbox 750 519 912 593; x_wconf 91' lang='lat' dir='ltr'>paulo</span> <span class='ocrx_word' id='word_1_17' title='bbox 937 525 1111 577; x_wconf 88' lang='lat' dir='ltr'>ante»</span> <span class='ocrx_word' id='word_1_18' title='bbox 1143 522 1231 596; x_wconf 84' lang='lat' dir='ltr'>(de</span> <span class='ocrx_word' id='word_1_19' title='bbox 1269 522 1392 578; x_wconf 83' lang='lat' dir='ltr'>locis</span> <span class='ocrx_word' id='word_1_20' title='bbox 1421 522 1625 594; x_wconf 79' lang='lat' dir='ltr'>Theol.‚</span> <span class='ocrx_word' id='word_1_21' title='bbox 1653 524 1750 582; x_wconf 91' lang='lat' dir='ltr'>lib.</span> <span class='ocrx_word' id='word_1_22' title='bbox 1788 524 1849 599; x_wconf 88' lang='lat' dir='ltr'>V,</span> <span class='ocrx_word' id='word_1_23' title='bbox 1879 543 1998 602; x_wconf 89' lang='lat' dir='ltr'>cap.</span> <span class='ocrx_word' id='word_1_24' title='bbox 2029 547 2080 595; x_wconf 84' lang='lat' dir='ltr'>v,</span> 
     </span>
     <span class='ocr_line' id='line_1_4' title="bbox 202 615 2083 697; baseline 0.005 -27"><span class='ocrx_word' id='word_1_25' title='bbox 202 633 327 689; x_wconf 86' lang='lat' dir='ltr'>pag.</span> <span class='ocrx_word' id='word_1_26' title='bbox 346 615 479 682; x_wconf 45' lang='lat'>2118,</span> <span class='ocrx_word' id='word_1_27' title='bbox 504 616 633 673; x_wconf 89' lang='lat' dir='ltr'>edit.</span> <span class='ocrx_word' id='word_1_28' title='bbox 658 616 902 683; x_wconf 79' lang='lat' dir='ltr'>Parisiis,</span> <span class='ocrx_word' id='word_1_29' title='bbox 930 617 1120 691; x_wconf 77' lang='lat'>1704).</span> <span class='ocrx_word' id='word_1_30' title='bbox 1147 617 1357 681; x_wconf 87' lang='lat' dir='ltr'><strong>Quibus</strong></span> <span class='ocrx_word' id='word_1_31' title='bbox 1375 621 1693 694; x_wconf 86' lang='lat' dir='ltr'>praenotatis</span> <span class='ocrx_word' id='word_1_32' title='bbox 1715 621 1797 678; x_wconf 87' lang='lat' dir='ltr'>sic</span> <span class='ocrx_word' id='word_1_33' title='bbox 1814 623 2083 697; x_wconf 89' lang='lat' dir='ltr'>probatur</span> 
     </span>
     <span class='ocr_line' id='line_1_5' title="bbox 124 712 542 786; baseline -0.01 -17"><span class='ocrx_word' id='word_1_34' title='bbox 124 775 127 778; x_wconf 14' lang='grc' dir='ltr'><em>Α</em></span> <span class='ocrx_word' id='word_1_35' title='bbox 203 712 542 786; x_wconf 80' lang='lat' dir='ltr'>propositio:</span> 
     </span>
    </p>

    <p class='ocr_par' dir='ltr' id='par_1_3' title="bbox 195 810 2081 1848">
     <span class='ocr_line' id='line_1_6' title="bbox 274 810 2080 891; baseline 0.005 -26"><span class='ocrx_word' id='word_1_36' title='bbox 274 811 370 865; x_wconf 82' lang='lat' dir='ltr'>Illa</span> <span class='ocrx_word' id='word_1_37' title='bbox 401 810 585 884; x_wconf 93' lang='lat' dir='ltr'>opinio</span> <span class='ocrx_word' id='word_1_38' title='bbox 605 828 837 868; x_wconf 89' lang='lat' dir='ltr'>erronea</span> <span class='ocrx_word' id='word_1_39' title='bbox 867 817 950 867; x_wconf 89' lang='lat' dir='ltr'>est</span> <span class='ocrx_word' id='word_1_40' title='bbox 974 817 1027 867; x_wconf 91' lang='lat' dir='ltr'>et</span> <span class='ocrx_word' id='word_1_41' title='bbox 1052 812 1320 870; x_wconf 92' lang='lat' dir='ltr'>inducens</span> <span class='ocrx_word' id='word_1_42' title='bbox 1349 814 1405 869; x_wconf 87' lang='lat' dir='ltr'>in</span> <span class='ocrx_word' id='word_1_43' title='bbox 1431 815 1708 883; x_wconf 69' lang='lat' dir='ltr'>haeresim,</span> <span class='ocrx_word' id='word_1_44' title='bbox 1737 834 1803 873; x_wconf 87' lang='lat' dir='ltr'>ex</span> <span class='ocrx_word' id='word_1_45' title='bbox 1833 835 1940 891; x_wconf 90' lang='lat' dir='ltr'>qua</span> <span class='ocrx_word' id='word_1_46' title='bbox 1968 819 2080 874; x_wconf 88' lang='lat' dir='ltr'>evi-</span> 
     </span>
     <span class='ocr_line' id='line_1_7' title="bbox 198 907 2074 982; baseline 0.003 -19"><span class='ocrx_word' id='word_1_47' title='bbox 198 907 392 964; x_wconf 82' lang='lat' dir='ltr'>denter</span> <span class='ocrx_word' id='word_1_48' title='bbox 417 908 664 982; x_wconf 88' lang='lat' dir='ltr'>sequitur</span> <span class='ocrx_word' id='word_1_49' title='bbox 685 909 862 965; x_wconf 84' lang='lat' dir='ltr'>nullas</span> <span class='ocrx_word' id='word_1_50' title='bbox 883 909 1258 965; x_wconf 88' lang='lat' dir='ltr'>Romanorum</span> <span class='ocrx_word' id='word_1_51' title='bbox 1279 911 1604 968; x_wconf 85' lang='lat' dir='ltr'>Pontificum</span> <span class='ocrx_word' id='word_1_52' title='bbox 1632 920 1684 970; x_wconf 90' lang='lat' dir='ltr'>et</span> <span class='ocrx_word' id='word_1_53' title='bbox 1710 915 2074 972; x_wconf 90' lang='lat' dir='ltr'>conciliorum</span> 
     </span>
     <span class='ocr_line' id='line_1_8' title="bbox 201 1005 2081 1086; baseline 0.005 -26"><span class='ocrx_word' id='word_1_54' title='bbox 201 1005 669 1061; x_wconf 89' lang='lat' dir='ltr'>oecumenicorum</span> <span class='ocrx_word' id='word_1_55' title='bbox 689 1005 1036 1062; x_wconf 85' lang='lat' dir='ltr'>definitiones</span> <span class='ocrx_word' id='word_1_56' title='bbox 1055 1006 1386 1079; x_wconf 82' lang='lat' dir='ltr'>dogmaticas</span> <span class='ocrx_word' id='word_1_57' title='bbox 1405 1026 1526 1065; x_wconf 89' lang='lat' dir='ltr'>esse</span> <span class='ocrx_word' id='word_1_58' title='bbox 1547 1015 1694 1066; x_wconf 87' lang='lat' dir='ltr'>certo</span> <span class='ocrx_word' id='word_1_59' title='bbox 1714 1029 1891 1068; x_wconf 90' lang='lat' dir='ltr'>veras.</span> <span class='ocrx_word' id='word_1_60' title='bbox 1915 1013 2081 1086; x_wconf 86' lang='lat' dir='ltr'>Atqui</span> 
     </span>
     <span class='ocr_line' id='line_1_9' title="bbox 201 1102 2077 1182; baseline 0.004 -26"><span class='ocrx_word' id='word_1_61' title='bbox 201 1102 324 1158; x_wconf 88' lang='lat' dir='ltr'>talis</span> <span class='ocrx_word' id='word_1_62' title='bbox 349 1110 430 1159; x_wconf 92' lang='lat' dir='ltr'>est</span> <span class='ocrx_word' id='word_1_63' title='bbox 467 1104 652 1178; x_wconf 91' lang='lat' dir='ltr'>opinio</span> <span class='ocrx_word' id='word_1_64' title='bbox 681 1122 847 1177; x_wconf 91' lang='lat' dir='ltr'>quam</span> <span class='ocrx_word' id='word_1_65' title='bbox 885 1104 1258 1159; x_wconf 74' lang='lat' dir='ltr'>confutamus,</span> <span class='ocrx_word' id='word_1_66' title='bbox 1286 1104 1421 1159; x_wconf 90' lang='lat' dir='ltr'>Nam</span> <span class='ocrx_word' id='word_1_67' title='bbox 1456 1124 1522 1161; x_wconf 84' lang='lat' dir='ltr'>ex</span> <span class='ocrx_word' id='word_1_68' title='bbox 1548 1124 1658 1162; x_wconf 91' lang='lat' dir='ltr'>una</span> <span class='ocrx_word' id='word_1_69' title='bbox 1696 1115 1850 1182; x_wconf 91' lang='lat' dir='ltr'>parte</span> <span class='ocrx_word' id='word_1_70' title='bbox 1880 1109 2077 1165; x_wconf 88' lang='lat' dir='ltr'>asserit</span> 
     </span>
     <span class='ocr_line' id='line_1_10' title="bbox 196 1199 2079 1274; baseline 0.003 -19"><span class='ocrx_word' id='word_1_71' title='bbox 196 1218 454 1257; x_wconf 90' lang='lat' dir='ltr'>erroneas</span> <span class='ocrx_word' id='word_1_72' title='bbox 475 1219 592 1257; x_wconf 92' lang='lat' dir='ltr'>esse</span> <span class='ocrx_word' id='word_1_73' title='bbox 617 1202 862 1274; x_wconf 91' lang='lat' dir='ltr'>potuisse</span> <span class='ocrx_word' id='word_1_74' title='bbox 883 1216 1074 1254; x_wconf 87' lang='lat' dir='ltr'>omnes</span> <span class='ocrx_word' id='word_1_75' title='bbox 1099 1199 1224 1254; x_wconf 91' lang='lat' dir='ltr'>illas</span> <span class='ocrx_word' id='word_1_76' title='bbox 1251 1200 1599 1257; x_wconf 80' lang='lat' dir='ltr'>definitiones</span> <span class='ocrx_word' id='word_1_77' title='bbox 1625 1222 1690 1259; x_wconf 87' lang='lat' dir='ltr'>ex</span> <span class='ocrx_word' id='word_1_78' title='bbox 1718 1206 1928 1260; x_wconf 91' lang='lat' dir='ltr'>omisso</span> <span class='ocrx_word' id='word_1_79' title='bbox 1955 1206 2079 1260; x_wconf 90' lang='lat' dir='ltr'>dili·</span> 
     </span>
     <span class='ocr_line' id='line_1_11' title="bbox 195 1296 2080 1371; baseline 0.002 -18"><span class='ocrx_word' id='word_1_80' title='bbox 195 1299 341 1370; x_wconf 87' lang='lat' dir='ltr'>genti</span> <span class='ocrx_word' id='word_1_81' title='bbox 371 1297 644 1353; x_wconf 84' lang='lat' dir='ltr'><strong>examine.</strong></span> <span class='ocrx_word' id='word_1_82' title='bbox 671 1296 907 1351; x_wconf 84' lang='lat' dir='ltr'>Aliunde</span> <span class='ocrx_word' id='word_1_83' title='bbox 937 1302 1120 1351; x_wconf 88' lang='lat' dir='ltr'>autem</span> <span class='ocrx_word' id='word_1_84' title='bbox 1151 1302 1300 1351; x_wconf 85' lang='lat' dir='ltr'>certo</span> <span class='ocrx_word' id='word_1_85' title='bbox 1341 1302 1591 1353; x_wconf 83' lang='lat' dir='ltr'>constare</span> <span class='ocrx_word' id='word_1_86' title='bbox 1623 1300 1814 1371; x_wconf 91' lang='lat' dir='ltr'>nequit</span> <span class='ocrx_word' id='word_1_87' title='bbox 1849 1319 1916 1355; x_wconf 91' lang='lat' dir='ltr'>an</span> <span class='ocrx_word' id='word_1_88' title='bbox 1953 1301 2080 1356; x_wconf 92' lang='lat' dir='ltr'>dili-</span> 
     </span>
     <span class='ocr_line' id='line_1_12' title="bbox 195 1391 2079 1470; baseline 0.001 -22"><span class='ocrx_word' id='word_1_89' title='bbox 195 1411 330 1466; x_wconf 88' lang='lat' dir='ltr'>gens</span> <span class='ocrx_word' id='word_1_90' title='bbox 370 1412 595 1449; x_wconf 89' lang='lat' dir='ltr'>examen</span> <span class='ocrx_word' id='word_1_91' title='bbox 637 1393 946 1447; x_wconf 85' lang='lat' dir='ltr'>adhibitum</span> <span class='ocrx_word' id='word_1_92' title='bbox 992 1391 1177 1447; x_wconf 89' lang='lat' dir='ltr'>fuerit.</span> <span class='ocrx_word' id='word_1_93' title='bbox 1225 1392 1340 1446; x_wconf 90' lang='lat' dir='ltr'>Non</span> <span class='ocrx_word' id='word_1_94' title='bbox 1381 1393 1528 1446; x_wconf 90' lang='lat' dir='ltr'>enim</span> <span class='ocrx_word' id='word_1_95' title='bbox 1571 1395 1817 1465; x_wconf 82' lang='lat' dir='ltr'>rigorose</span> <span class='ocrx_word' id='word_1_96' title='bbox 1859 1397 2079 1470; x_wconf 90' lang='lat' dir='ltr'>probari</span> 
     </span>
     <span class='ocr_line' id='line_1_13' title="bbox 199 1487 2079 1564; baseline 0.001 -19"><span class='ocrx_word' id='word_1_97' title='bbox 199 1496 375 1564; x_wconf 89' lang='lat' dir='ltr'>potest</span> <span class='ocrx_word' id='word_1_98' title='bbox 406 1490 472 1545; x_wconf 90' lang='lat' dir='ltr'>de</span> <span class='ocrx_word' id='word_1_99' title='bbox 496 1507 832 1561; x_wconf 91' lang='lat' dir='ltr'>unoquoque</span> <span class='ocrx_word' id='word_1_100' title='bbox 861 1489 1104 1543; x_wconf 87' lang='lat' dir='ltr'>Romano</span> <span class='ocrx_word' id='word_1_101' title='bbox 1136 1487 1394 1544; x_wconf 87' lang='lat' dir='ltr'>Pontifice</span> <span class='ocrx_word' id='word_1_102' title='bbox 1432 1494 1484 1544; x_wconf 89' lang='lat' dir='ltr'>et</span> <span class='ocrx_word' id='word_1_103' title='bbox 1513 1489 1580 1545; x_wconf 90' lang='lat' dir='ltr'>de</span> <span class='ocrx_word' id='word_1_104' title='bbox 1622 1491 1853 1562; x_wconf 87' lang='lat' dir='ltr'>singulis</span> <span class='ocrx_word' id='word_1_105' title='bbox 1894 1492 2079 1548; x_wconf 89' lang='lat' dir='ltr'>conci-</span> 
     </span>
     <span class='ocr_line' id='line_1_14' title="bbox 196 1582 2079 1658; baseline 0.001 -19"><span class='ocrx_word' id='word_1_106' title='bbox 196 1584 401 1639; x_wconf 89' lang='lat' dir='ltr'>liorum</span> <span class='ocrx_word' id='word_1_107' title='bbox 438 1583 711 1648; x_wconf 83' lang='lat' dir='ltr'>Patribus,</span> <span class='ocrx_word' id='word_1_108' title='bbox 756 1583 903 1656; x_wconf 91' lang='lat' dir='ltr'>ipsos</span> <span class='ocrx_word' id='word_1_109' title='bbox 934 1599 1042 1637; x_wconf 91' lang='lat' dir='ltr'>non</span> <span class='ocrx_word' id='word_1_110' title='bbox 1071 1588 1280 1638; x_wconf 90' lang='lat' dir='ltr'>temere</span> <span class='ocrx_word' id='word_1_111' title='bbox 1316 1582 1611 1656; x_wconf 90' lang='lat' dir='ltr'>judicasse.</span> <span class='ocrx_word' id='word_1_112' title='bbox 1647 1584 1783 1655; x_wconf 82' lang='lat' dir='ltr'>Ergo</span> <span class='ocrx_word' id='word_1_113' title='bbox 1825 1586 2079 1658; x_wconf 88' lang='lat' dir='ltr'>sequitur</span> 
     </span>
     <span class='ocr_line' id='line_1_15' title="bbox 202 1679 2076 1745; baseline 0.002 -10"><span class='ocrx_word' id='word_1_114' title='bbox 202 1681 350 1735; x_wconf 80' lang='lat' dir='ltr'>dabie</span> <span class='ocrx_word' id='word_1_115' title='bbox 390 1697 544 1734; x_wconf 70' lang='lat' dir='ltr'>veras</span> <span class='ocrx_word' id='word_1_116' title='bbox 582 1697 869 1735; x_wconf 87' lang='lat' dir='ltr'>remanere</span> <span class='ocrx_word' id='word_1_117' title='bbox 907 1679 1078 1733; x_wconf 89' lang='lat' dir='ltr'>dictas</span> <span class='ocrx_word' id='word_1_118' title='bbox 1120 1679 1465 1734; x_wconf 82' lang='lat' dir='ltr'>definitiones</span> <span class='ocrx_word' id='word_1_119' title='bbox 1506 1680 1628 1734; x_wconf 88' lang='lat' dir='ltr'>fidei</span> <span class='ocrx_word' id='word_1_120' title='bbox 1672 1699 1880 1737; x_wconf 87' lang='lat' dir='ltr'>omnes.</span> <span class='ocrx_word' id='word_1_121' title='bbox 1926 1682 2076 1745; x_wconf 90' lang='lat' dir='ltr'>Quod</span> 
     </span>
     <span class='ocr_line' id='line_1_16' title="bbox 201 1776 1760 1848; baseline -0.001 -14"><span class='ocrx_word' id='word_1_122' title='bbox 201 1777 603 1834; x_wconf 83' lang='lat' dir='ltr'>consectarium</span> <span class='ocrx_word' id='word_1_123' title='bbox 631 1794 923 1832; x_wconf 84' lang='lat' dir='ltr'>erroneum</span> <span class='ocrx_word' id='word_1_124' title='bbox 953 1776 1302 1848; x_wconf 82' lang='lat' dir='ltr'>profectoest</span> <span class='ocrx_word' id='word_1_125' title='bbox 1328 1793 1389 1830; x_wconf 90' lang='lat' dir='ltr'>ac</span> <span class='ocrx_word' id='word_1_126' title='bbox 1416 1776 1760 1833; x_wconf 76' lang='lat' dir='ltr'>inereticum.</span> 
     </span>
    </p>

    <p class='ocr_par' dir='ltr' id='par_1_4' title="bbox 195 1872 2082 2699">
     <span class='ocr_line' id='line_1_17' title="bbox 273 1872 2082 1943; baseline 0.002 -16"><span class='ocrx_word' id='word_1_127' title='bbox 273 1875 549 1928; x_wconf 75' lang='lat' dir='ltr'>Pnorosmo</span> <span class='ocrx_word' id='word_1_128' title='bbox 581 1874 682 1928; x_wconf 73' lang='lat' dir='ltr'>1v³.</span> <span class='ocrx_word' id='word_1_129' title='bbox 715 1907 790 1913; x_wconf 93' lang='lat'>—</span> <span class='ocrx_word' id='word_1_130' title='bbox 819 1872 1175 1943; x_wconf 80' lang='lat' dir='ltr'>Infallibilitas</span> <span class='ocrx_word' id='word_1_131' title='bbox 1212 1872 1364 1943; x_wconf 65' lang='lat' dir='ltr'>Papae</span> <span class='ocrx_word' id='word_1_132' title='bbox 1400 1891 1598 1926; x_wconf 73' lang='lat' dir='ltr'>vnecnon</span> <span class='ocrx_word' id='word_1_133' title='bbox 1636 1875 1833 1927; x_wconf 78' lang='lat' dir='ltr'>concilii</span> <span class='ocrx_word' id='word_1_134' title='bbox 1871 1892 2082 1930; x_wconf 75' lang='lat' dir='ltr'>oecitme-</span> 
     </span>
     <span class='ocr_line' id='line_1_18' title="bbox 200 1970 2082 2042; baseline 0 -16"><span class='ocrx_word' id='word_1_135' title='bbox 200 1974 301 2026; x_wconf 81' lang='lat' dir='ltr'>nici-</span> <span class='ocrx_word' id='word_1_136' title='bbox 331 1975 379 2026; x_wconf 90' lang='lat' dir='ltr'>in</span> <span class='ocrx_word' id='word_1_137' title='bbox 409 1971 701 2041; x_wconf 76' lang='lat' dir='ltr'>delinienda</span> <span class='ocrx_word' id='word_1_138' title='bbox 733 1971 855 2041; x_wconf 78' lang='lat' dir='ltr'>sicle,</span> <span class='ocrx_word' id='word_1_139' title='bbox 894 1989 992 2024; x_wconf 90' lang='lat' dir='ltr'>non</span> <span class='ocrx_word' id='word_1_140' title='bbox 1031 1970 1283 2041; x_wconf 79' lang='lat' dir='ltr'>dependet</span> <span class='ocrx_word' id='word_1_141' title='bbox 1315 1970 1376 2022; x_wconf 87' lang='lat' dir='ltr'>ab</span> <span class='ocrx_word' id='word_1_142' title='bbox 1407 1970 1510 2022; x_wconf 80' lang='lat' dir='ltr'>nlla</span> <span class='ocrx_word' id='word_1_143' title='bbox 1554 1971 1775 2024; x_wconf 84' lang='lat' dir='ltr'>hnmana</span> <span class='ocrx_word' id='word_1_144' title='bbox 1813 1972 2082 2042; x_wconf 72' lang='lat' dir='ltr'>diliqentia</span> 
     </span>
     <span class='ocr_line' id='line_1_19' title="bbox 199 2065 2081 2140; baseline 0.001 -18"><span class='ocrx_word' id='word_1_145' title='bbox 199 2086 287 2122; x_wconf 86' lang='lat' dir='ltr'>sen</span> <span class='ocrx_word' id='word_1_146' title='bbox 314 2070 509 2140; x_wconf 71' lang='lat' dir='ltr'>praevio</span> <span class='ocrx_word' id='word_1_147' title='bbox 541 2070 794 2122; x_wconf 72' lang='lat' dir='ltr'>examine.</span> <span class='ocrx_word' id='word_1_148' title='bbox 826 2096 893 2106; x_wconf 88' lang='lat'>—-</span> <span class='ocrx_word' id='word_1_149' title='bbox 915 2067 1047 2119; x_wconf 88' lang='lat' dir='ltr'>Cum</span> <span class='ocrx_word' id='word_1_150' title='bbox 1083 2065 1381 2138; x_wconf 84' lang='lat' dir='ltr'>propositio</span> <span class='ocrx_word' id='word_1_151' title='bbox 1420 2065 1531 2119; x_wconf 72' lang='lat' dir='ltr'>inec</span> <span class='ocrx_word' id='word_1_152' title='bbox 1573 2066 1854 2120; x_wconf 86' lang='lat' dir='ltr'>communi</span> <span class='ocrx_word' id='word_1_153' title='bbox 1896 2067 2081 2123; x_wconf 85' lang='lat' dir='ltr'>docto-</span> 
     </span>
     <span class='ocr_line' id='line_1_20' title="bbox 201 2162 2076 2229; baseline 0 -11"><span class='ocrx_word' id='word_1_154' title='bbox 201 2182 325 2219; x_wconf 87' lang='lat' dir='ltr'>rum</span> <span class='ocrx_word' id='word_1_155' title='bbox 358 2163 643 2219; x_wconf 81' lang='lat' dir='ltr'>sententiae</span> <span class='ocrx_word' id='word_1_156' title='bbox 680 2162 1020 2229; x_wconf 76' lang='lat' dir='ltr'>adversetur,</span> <span class='ocrx_word' id='word_1_157' title='bbox 1061 2162 1233 2214; x_wconf 88' lang='lat' dir='ltr'>nolim</span> <span class='ocrx_word' id='word_1_158' title='bbox 1275 2179 1392 2215; x_wconf 87' lang='lat' dir='ltr'>eam</span> <span class='ocrx_word' id='word_1_159' title='bbox 1430 2168 1487 2215; x_wconf 92' lang='lat' dir='ltr'>ut</span> <span class='ocrx_word' id='word_1_160' title='bbox 1523 2167 1726 2216; x_wconf 80' lang='lat' dir='ltr'>certam</span> <span class='ocrx_word' id='word_1_161' title='bbox 1764 2162 2076 2218; x_wconf 87' lang='lat' dir='ltr'>defendere.</span> 
     </span>
     <span class='ocr_line' id='line_1_21' title="bbox 199 2256 2080 2331; baseline 0 -17"><span class='ocrx_word' id='word_1_162' title='bbox 199 2260 299 2314; x_wconf 89' lang='lat' dir='ltr'>Sed</span> <span class='ocrx_word' id='word_1_163' title='bbox 337 2259 465 2331; x_wconf 91' lang='lat' dir='ltr'>quia</span> <span class='ocrx_word' id='word_1_164' title='bbox 502 2265 697 2314; x_wconf 93' lang='lat' dir='ltr'>nutare</span> <span class='ocrx_word' id='word_1_165' title='bbox 734 2259 870 2312; x_wconf 81' lang='lat' dir='ltr'>mihi</span> <span class='ocrx_word' id='word_1_166' title='bbox 905 2257 1123 2313; x_wconf 73' lang='lat' dir='ltr'>videtur</span> <span class='ocrx_word' id='word_1_167' title='bbox 1165 2256 1322 2312; x_wconf 80' lang='lat' dir='ltr'>dietae</span> <span class='ocrx_word' id='word_1_168' title='bbox 1367 2259 1762 2313; x_wconf 85' lang='lat' dir='ltr'>communioris</span> <span class='ocrx_word' id='word_1_169' title='bbox 1798 2260 2080 2314; x_wconf 67' lang='lat' dir='ltr'>sententiae</span> 
     </span>
     <span class='ocr_line' id='line_1_22' title="bbox 200 2354 2079 2427; baseline 0.001 -16"><span class='ocrx_word' id='word_1_170' title='bbox 200 2356 645 2427; x_wconf 77' lang='lat' dir='ltr'>tundamentum,</span> <span class='ocrx_word' id='word_1_171' title='bbox 688 2356 833 2410; x_wconf 74' lang='lat' dir='ltr'>volui</span> <span class='ocrx_word' id='word_1_172' title='bbox 878 2355 1148 2427; x_wconf 88' lang='lat' dir='ltr'>subjicere</span> <span class='ocrx_word' id='word_1_173' title='bbox 1191 2354 1416 2425; x_wconf 86' lang='lat' dir='ltr'>hujusce</span> <span class='ocrx_word' id='word_1_174' title='bbox 1457 2355 1785 2426; x_wconf 85' lang='lat' dir='ltr'>opinationis</span> <span class='ocrx_word' id='word_1_175' title='bbox 1829 2374 1961 2412; x_wconf 63' lang='lat' dir='ltr'>meae</span> <span class='ocrx_word' id='word_1_176' title='bbox 1997 2375 2079 2412; x_wconf 91' lang='lat' dir='ltr'>ra-</span> 
     </span>
     <span class='ocr_line' id='line_1_23' title="bbox 199 2451 2075 2527; baseline 0.001 -20"><span class='ocrx_word' id='word_1_177' title='bbox 199 2452 391 2517; x_wconf 85' lang='lat' dir='ltr'>tiones;</span> <span class='ocrx_word' id='word_1_178' title='bbox 423 2453 479 2506; x_wconf 91' lang='lat' dir='ltr'>in</span> <span class='ocrx_word' id='word_1_179' title='bbox 510 2454 655 2507; x_wconf 87' lang='lat' dir='ltr'>hunc</span> <span class='ocrx_word' id='word_1_180' title='bbox 683 2453 874 2524; x_wconf 90' lang='lat' dir='ltr'>utique</span> <span class='ocrx_word' id='word_1_181' title='bbox 903 2470 1130 2525; x_wconf 91' lang='lat' dir='ltr'>scopum</span> <span class='ocrx_word' id='word_1_182' title='bbox 1159 2459 1239 2518; x_wconf 89' lang='lat' dir='ltr'>ut,</span> <span class='ocrx_word' id='word_1_183' title='bbox 1268 2451 1353 2505; x_wconf 83' lang='lat' dir='ltr'>vel</span> <span class='ocrx_word' id='word_1_184' title='bbox 1386 2451 1686 2522; x_wconf 80' lang='lat' dir='ltr'>probabilis</span> <span class='ocrx_word' id='word_1_185' title='bbox 1713 2453 1903 2507; x_wconf 83' lang='lat' dir='ltr'>evadat</span> <span class='ocrx_word' id='word_1_186' title='bbox 1939 2471 2075 2527; x_wconf 82' lang='lat' dir='ltr'>prae-</span> 
     </span>
     <span class='ocr_line' id='line_1_24' title="bbox 198 2546 2075 2621; baseline 0.001 -17"><span class='ocrx_word' id='word_1_187' title='bbox 198 2566 324 2604; x_wconf 89' lang='lat' dir='ltr'>sens</span> <span class='ocrx_word' id='word_1_188' title='bbox 352 2549 671 2621; x_wconf 86' lang='lat' dir='ltr'>propositi0‚</span> <span class='ocrx_word' id='word_1_189' title='bbox 713 2549 797 2604; x_wconf 77' lang='lat' dir='ltr'>vel</span> <span class='ocrx_word' id='word_1_190' title='bbox 838 2555 985 2603; x_wconf 89' lang='lat' dir='ltr'>certe</span> <span class='ocrx_word' id='word_1_191' title='bbox 1018 2546 1332 2602; x_wconf 86' lang='lat' dir='ltr'>accuratius</span> <span class='ocrx_word' id='word_1_192' title='bbox 1367 2548 1686 2602; x_wconf 85' lang='lat' dir='ltr'>confutetur</span> <span class='ocrx_word' id='word_1_193' title='bbox 1719 2558 1771 2604; x_wconf 88' lang='lat' dir='ltr'>et</span> <span class='ocrx_word' id='word_1_194' title='bbox 1816 2549 1947 2604; x_wconf 89' lang='lat' dir='ltr'>salsa</span> <span class='ocrx_word' id='word_1_195' title='bbox 1985 2550 2075 2605; x_wconf 87' lang='lat' dir='ltr'>de-</span> 
     </span>
     <span class='ocr_line' id='line_1_25' title="bbox 195 2650 550 2699; baseline -0.003 0"><span class='ocrx_word' id='word_1_196' title='bbox 195 2650 550 2699; x_wconf 85' lang='lat' dir='ltr'>monstretur.</span> 
     </span>
    </p>

    <p class='ocr_par' dir='ltr' id='par_1_5' title="bbox 193 2738 2075 3096">
     <span class='ocr_line' id='line_1_26' title="bbox 270 2738 2069 2794; baseline 0.001 -4"><span class='ocrx_word' id='word_1_197' title='bbox 270 2738 545 2792; x_wconf 80' lang='lat' dir='ltr'>Nimirum</span> <span class='ocrx_word' id='word_1_198' title='bbox 589 2740 900 2794; x_wconf 87' lang='lat' dir='ltr'>communis</span> <span class='ocrx_word' id='word_1_199' title='bbox 948 2739 1231 2794; x_wconf 78' lang='lat' dir='ltr'>sententiae</span> <span class='ocrx_word' id='word_1_200' title='bbox 1277 2739 1699 2793; x_wconf 88' lang='lat' dir='ltr'>fundamentum</span> <span class='ocrx_word' id='word_1_201' title='bbox 1750 2739 1898 2793; x_wconf 92' lang='lat' dir='ltr'>istud</span> <span class='ocrx_word' id='word_1_202' title='bbox 1946 2746 2069 2794; x_wconf 88' lang='lat' dir='ltr'>est:</span> 
     </span>
     <span class='ocr_line' id='line_1_27' title="bbox 198 2833 2075 2907; baseline -0.001 -18"><span class='ocrx_word' id='word_1_203' title='bbox 198 2851 306 2889; x_wconf 91' lang='lat' dir='ltr'>non</span> <span class='ocrx_word' id='word_1_204' title='bbox 344 2834 614 2907; x_wconf 86' lang='lat' dir='ltr'>promissa</span> <span class='ocrx_word' id='word_1_205' title='bbox 655 2834 758 2888; x_wconf 87' lang='lat' dir='ltr'>suit</span> <span class='ocrx_word' id='word_1_206' title='bbox 798 2837 1068 2904; x_wconf 81' lang='lat' dir='ltr'>inspiratio</span> <span class='ocrx_word' id='word_1_207' title='bbox 1113 2836 1255 2887; x_wconf 89' lang='lat' dir='ltr'>sicut</span> <span class='ocrx_word' id='word_1_208' title='bbox 1292 2833 1589 2905; x_wconf 78' lang='lat' dir='ltr'>Scripturae</span> <span class='ocrx_word' id='word_1_209' title='bbox 1630 2851 1796 2888; x_wconf 63' lang='lat' dir='ltr'>sacrae</span> <span class='ocrx_word' id='word_1_210' title='bbox 1838 2835 2075 2890; x_wconf 86' lang='lat' dir='ltr'>auctori-</span> 
     </span>
     <span class='ocr_line' id='line_1_28' title="bbox 194 2928 2073 3002; baseline 0.001 -19"><span class='ocrx_word' id='word_1_211' title='bbox 194 2928 318 2996; x_wconf 81' lang='lat' dir='ltr'>buS,</span> <span class='ocrx_word' id='word_1_212' title='bbox 352 2929 448 2983; x_wconf 87' lang='lat' dir='ltr'>sed</span> <span class='ocrx_word' id='word_1_213' title='bbox 477 2931 793 2985; x_wconf 79' lang='lat' dir='ltr'>assistentia.</span> <span class='ocrx_word' id='word_1_214' title='bbox 827 2928 938 2982; x_wconf 88' lang='lat' dir='ltr'>Non</span> <span class='ocrx_word' id='word_1_215' title='bbox 968 2928 1128 2981; x_wconf 87' lang='lat' dir='ltr'>datur</span> <span class='ocrx_word' id='word_1_216' title='bbox 1170 2933 1350 2982; x_wconf 90' lang='lat' dir='ltr'>autem</span> <span class='ocrx_word' id='word_1_217' title='bbox 1388 2930 1683 2983; x_wconf 80' lang='lat' dir='ltr'>assistentia</span> <span class='ocrx_word' id='word_1_218' title='bbox 1724 2935 1781 2982; x_wconf 92' lang='lat' dir='ltr'>ut</span> <span class='ocrx_word' id='word_1_219' title='bbox 1815 2947 1914 2983; x_wconf 82' lang='lat' dir='ltr'>vox</span> <span class='ocrx_word' id='word_1_220' title='bbox 1956 2930 2073 3002; x_wconf 87' lang='lat' dir='ltr'>ipsa</span> 
     </span>
     <span class='ocr_line' id='line_1_29' title="bbox 193 3023 2067 3096; baseline 0.002 -19"><span class='ocrx_word' id='word_1_221' title='bbox 193 3024 433 3091; x_wconf 88' lang='lat' dir='ltr'>denotat,</span> <span class='ocrx_word' id='word_1_222' title='bbox 476 3023 583 3078; x_wconf 93' lang='lat' dir='ltr'>nisi</span> <span class='ocrx_word' id='word_1_223' title='bbox 617 3025 732 3096; x_wconf 87' lang='lat' dir='ltr'>jam</span> <span class='ocrx_word' id='word_1_224' title='bbox 766 3042 829 3079; x_wconf 87' lang='lat' dir='ltr'>ex</span> <span class='ocrx_word' id='word_1_225' title='bbox 870 3041 926 3079; x_wconf 91' lang='lat' dir='ltr'>se</span> <span class='ocrx_word' id='word_1_226' title='bbox 959 3024 1140 3096; x_wconf 84' lang='lat' dir='ltr'>agenti</span> <span class='ocrx_word' id='word_1_227' title='bbox 1178 3042 1276 3078; x_wconf 88' lang='lat' dir='ltr'>seu</span> <span class='ocrx_word' id='word_1_228' title='bbox 1319 3023 1537 3078; x_wconf 85' lang='lat' dir='ltr'>facienti</span> <span class='ocrx_word' id='word_1_229' title='bbox 1582 3025 1727 3096; x_wconf 91' lang='lat' dir='ltr'>quod</span> <span class='ocrx_word' id='word_1_230' title='bbox 1771 3025 1827 3078; x_wconf 92' lang='lat' dir='ltr'>in</span> <span class='ocrx_word' id='word_1_231' title='bbox 1870 3043 1925 3080; x_wconf 92' lang='lat' dir='ltr'>se</span> <span class='ocrx_word' id='word_1_232' title='bbox 1968 3032 2067 3080; x_wconf 62' lang='lat' dir='ltr'>est.</span> 
     </span>
    </p>

    <p class='ocr_par' dir='ltr' id='par_1_6' title="bbox 197 3120 2073 3483">
     <span class='ocr_line' id='line_1_30' title="bbox 274 3120 2073 3194; baseline -0.001 -19"><span class='ocrx_word' id='word_1_233' title='bbox 274 3121 577 3192; x_wconf 83' lang='lat' dir='ltr'>Respondeo</span> <span class='ocrx_word' id='word_1_234' title='bbox 599 3143 614 3173; x_wconf 90' lang='lat'>.·</span> <span class='ocrx_word' id='word_1_235' title='bbox 642 3121 853 3176; x_wconf 82' lang='lat' dir='ltr'>Sufficit</span> <span class='ocrx_word' id='word_1_236' title='bbox 886 3120 978 3175; x_wconf 91' lang='lat' dir='ltr'>illa</span> <span class='ocrx_word' id='word_1_237' title='bbox 1006 3120 1122 3194; x_wconf 89' lang='lat' dir='ltr'>ipsa</span> <span class='ocrx_word' id='word_1_238' title='bbox 1149 3138 1313 3193; x_wconf 80' lang='lat' dir='ltr'>quam</span> <span class='ocrx_word' id='word_1_239' title='bbox 1341 3120 1633 3175; x_wconf 80' lang='lat' dir='ltr'>admittitis</span> <span class='ocrx_word' id='word_1_240' title='bbox 1660 3123 1979 3187; x_wconf 83' lang='lat' dir='ltr'>assistentia,</span> <span class='ocrx_word' id='word_1_241' title='bbox 2012 3125 2073 3174; x_wconf 89' lang='lat' dir='ltr'>ut</span> 
     </span>
     <span class='ocr_line' id='line_1_31' title="bbox 197 3215 2073 3289; baseline 0.001 -20"><span class='ocrx_word' id='word_1_242' title='bbox 197 3215 335 3287; x_wconf 89' lang='lat' dir='ltr'>Papa</span> <span class='ocrx_word' id='word_1_243' title='bbox 366 3222 418 3269; x_wconf 90' lang='lat' dir='ltr'>ct</span> <span class='ocrx_word' id='word_1_244' title='bbox 458 3218 696 3289; x_wconf 81' lang='lat' dir='ltr'>synodus</span> <span class='ocrx_word' id='word_1_245' title='bbox 726 3216 1063 3272; x_wconf 85' lang='lat' dir='ltr'>oecumenica</span> <span class='ocrx_word' id='word_1_246' title='bbox 1100 3216 1377 3270; x_wconf 87' lang='lat' dir='ltr'>immunes</span> <span class='ocrx_word' id='word_1_247' title='bbox 1414 3215 1482 3270; x_wconf 89' lang='lat' dir='ltr'>ab</span> <span class='ocrx_word' id='word_1_248' title='bbox 1512 3217 1758 3270; x_wconf 85' lang='lat' dir='ltr'>erroneis</span> <span class='ocrx_word' id='word_1_249' title='bbox 1787 3217 1910 3270; x_wconf 86' lang='lat' dir='ltr'>tidei</span> <span class='ocrx_word' id='word_1_250' title='bbox 1945 3216 2073 3270; x_wconf 80' lang='lat' dir='ltr'>deti-</span> 
     </span>
     <span class='ocr_line' id='line_1_32' title="bbox 199 3310 2070 3383; baseline 0.002 -19"><span class='ocrx_word' id='word_1_251' title='bbox 199 3310 502 3366; x_wconf 88' lang='lat' dir='ltr'>nitionibus</span> <span class='ocrx_word' id='word_1_252' title='bbox 525 3318 825 3379; x_wconf 88' lang='lat' dir='ltr'>serventur,</span> <span class='ocrx_word' id='word_1_253' title='bbox 857 3312 1070 3368; x_wconf 88' lang='lat' dir='ltr'>etiamsi</span> <span class='ocrx_word' id='word_1_254' title='bbox 1100 3318 1324 3382; x_wconf 85' lang='lat' dir='ltr'>temere,</span> <span class='ocrx_word' id='word_1_255' title='bbox 1361 3330 1458 3367; x_wconf 90' lang='lat' dir='ltr'>seu</span> <span class='ocrx_word' id='word_1_256' title='bbox 1487 3314 1690 3383; x_wconf 86' lang='lat' dir='ltr'>absque</span> <span class='ocrx_word' id='word_1_257' title='bbox 1724 3312 1923 3383; x_wconf 65' lang='lat' dir='ltr'>praevio</span> <span class='ocrx_word' id='word_1_258' title='bbox 1945 3312 2070 3367; x_wconf 89' lang='lat' dir='ltr'>dili-</span> 
     </span>
     <span class='ocr_line' id='line_1_33' title="bbox 198 3408 1466 3483; baseline 0 -21"><span class='ocrx_word' id='word_1_259' title='bbox 198 3408 344 3479; x_wconf 88' lang='lat' dir='ltr'>genti</span> <span class='ocrx_word' id='word_1_260' title='bbox 374 3409 624 3463; x_wconf 84' lang='lat' dir='ltr'>examine</span> <span class='ocrx_word' id='word_1_261' title='bbox 655 3410 932 3464; x_wconf 85' lang='lat' dir='ltr'>definiant.</span> <span class='ocrx_word' id='word_1_262' title='bbox 966 3410 1117 3471; x_wconf 88' lang='lat' dir='ltr'>Quod</span> <span class='ocrx_word' id='word_1_263' title='bbox 1149 3410 1227 3465; x_wconf 89' lang='lat' dir='ltr'>sic</span> <span class='ocrx_word' id='word_1_264' title='bbox 1257 3410 1428 3483; x_wconf 87' lang='lat' dir='ltr'>probo</span> <span class='ocrx_word' id='word_1_265' title='bbox 1456 3433 1466 3462; x_wconf 91' lang='lat'><strong>:</strong></span> 
     </span>
    </p>

    <p class='ocr_par' dir='ltr' id='par_1_7' title="bbox 198 3505 2071 3684">
     <span class='ocr_line' id='line_1_34' title="bbox 275 3505 2070 3582; baseline 0.003 -24"><span class='ocrx_word' id='word_1_266' title='bbox 275 3506 324 3559; x_wconf 83' lang='lat'>1.</span> <span class='ocrx_word' id='word_1_267' title='bbox 370 3505 590 3561; x_wconf 84' lang='lat' dir='ltr'>Scelusa</span> <span class='ocrx_word' id='word_1_268' title='bbox 629 3506 811 3561; x_wconf 79' lang='lat' dir='ltr'>divina</span> <span class='ocrx_word' id='word_1_269' title='bbox 856 3506 1190 3574; x_wconf 85' lang='lat' dir='ltr'>assistentia,</span> <span class='ocrx_word' id='word_1_270' title='bbox 1246 3507 1507 3562; x_wconf 80' lang='lat' dir='ltr'>fallitnles</span> <span class='ocrx_word' id='word_1_271' title='bbox 1543 3513 1892 3562; x_wconf 85' lang='lat' dir='ltr'>remanerent</span> <span class='ocrx_word' id='word_1_272' title='bbox 1929 3507 2070 3582; x_wconf 89' lang='lat' dir='ltr'>Papa</span> 
     </span>
     <span class='ocr_line' id='line_1_35' title="bbox 198 3602 2071 3684; baseline 0.004 -30"><span class='ocrx_word' id='word_1_273' title='bbox 198 3605 250 3655; x_wconf 86' lang='lat' dir='ltr'>et</span> <span class='ocrx_word' id='word_1_274' title='bbox 278 3602 541 3674; x_wconf 81' lang='lat' dir='ltr'>synodus,</span> <span class='ocrx_word' id='word_1_275' title='bbox 569 3621 677 3658; x_wconf 92' lang='lat' dir='ltr'>non</span> <span class='ocrx_word' id='word_1_276' title='bbox 723 3609 939 3658; x_wconf 90' lang='lat' dir='ltr'>tantum</span> <span class='ocrx_word' id='word_1_277' title='bbox 979 3602 1023 3657; x_wconf 88' lang='lat' dir='ltr'>si</span> <span class='ocrx_word' id='word_1_278' title='bbox 1067 3607 1291 3670; x_wconf 86' lang='lat' dir='ltr'>temere,</span> <span class='ocrx_word' id='word_1_279' title='bbox 1337 3603 1432 3659; x_wconf 89' lang='lat' dir='ltr'>sed</span> <span class='ocrx_word' id='word_1_280' title='bbox 1467 3602 1631 3658; x_wconf 90' lang='lat' dir='ltr'>etiam</span> <span class='ocrx_word' id='word_1_281' title='bbox 1671 3605 1724 3684; x_wconf 76' lang='lat' dir='ltr'>si</span> <span class='ocrx_word' id='word_1_282' title='bbox 1767 3604 2071 3679; x_wconf 77' lang='lat' dir='ltr'>praemissis</span> 
     </span>
    </p>

    <p class='ocr_par' dir='ltr' id='par_1_8' title="bbox 437 3714 1827 3761">
     <span class='ocr_line' id='line_1_36' title="bbox 437 3714 1827 3761; baseline 0.003 -6"><span class='ocrx_word' id='word_1_283' title='bbox 437 3729 498 3761; x_wconf 80' lang='lat' dir='ltr'>nt.</span> <span class='ocrx_word' id='word_1_284' title='bbox 1773 3714 1827 3759; x_wconf 80' lang='grc'>58</span> 
     </span>
    </p>
   </div>
  </div>
 </body>
</html>
