2340 3990
827 373 957 423 PARS
986 372 1203 427 QUARTA.
1859 371 1942 418 251

0 504 17 551 ’.ἑ
91 492 242 559 nent,
272 489 436 545 hocce
472 485 769 563 temporale
811 482 1131 541 societatum
1172 480 1420 539 civilium
1458 479 1726 556 regimen,
1767 479 1949 552 quoad

88 587 436 645 immediatam
459 586 825 649 executionem,
852 598 919 638 ex
941 581 1285 639 institutione
1301 580 1524 647 Christi,
1549 579 1791 637 Romano
1813 595 1950 654 pon-

90 682 223 739 tifici
244 681 517 739 ordinarie
538 696 647 736 non
675 677 1017 734 incumbere.
1067 677 1247 734 Voluit
1281 695 1478 750 nempe
1517 675 1766 733 Christus
1789 692 1820 732 a
1847 693 1949 732 suo

91 780 148 836 in
172 778 333 836 terris
351 775 551 835 vicario
573 772 848 848 ejusmodi
887 773 1267 831 executionem
1306 773 1686 831 immediatam
1727 771 1949 845 regibus

0 945 3 952 y
91 878 323 951 aliisque
345 872 685 951 principibus
709 871 972 946 relinqui.
1002 870 1150 930 Unde
1181 873 1482 947 imperator
1513 880 1596 931 est
1627 890 1814 930 revera
1837 874 1949 946 pri-

89 992 201 1032 mus
217 979 335 1048 post
355 971 519 1028 Deum
543 969 722 1043 quoad
756 970 1107 1026 immediatam
1143 969 1466 1045 temporalis
1504 969 1790 1043 regiminis
1829 988 1948 1026 ecce-

0 1120 2 1127 ,
89 1073 357 1135 cntionem,
384 1054 750 1141 licetprimus
794 1085 905 1123 non
942 1067 1013 1124 sit
1050 1068 1230 1141 quoad
1271 1068 1564 1142 ipsammet
1589 1067 1948 1141 temporalem

84 1146 427 1243 potestatem.
471 1167 534 1222 Et
559 1165 633 1221 ita
660 1166 904 1239 objectos
938 1165 1261 1221 Tertulliani
1297 1170 1474 1221 textus
1510 1165 1950 1239 interpretantur

83 1268 247 1341 hujus
276 1265 559 1323 sententiae
579 1264 817 1339 patroni.
1716 1340 1719 1342 ι

153 1364 218 1421 ΙΙ.
261 1364 438 1420 Sinon
479 1365 723 1434 Amenosu,
752 1365 1048 1431 CAss1onon1,
1085 1383 1247 1419 sANc‘ri
1291 1363 1518 1419 Gnacomi
1557 1363 1854 1419 Tunortnxsis
1893 1382 1951 1420 ΕΤ

78 1481 240 1519 smcri
268 1462 447 1518 Ismeni
472 1462 787 1518 HlSPALENfflS
810 1483 988 1519 'rnxrus
1019 1483 1047 1516 A
1072 1462 1335 1519 Bossun'rlo
1358 1482 1610 1519 ALLEGATI.

149 1561 341 1618 Textus
387 1562 559 1618 sancti
608 1563 916 1618 Ambrosii:
946 1563 1206 1636 Sequitur,
1241 1563 1360 1619 Tibi
1407 1563 1510 1618 soli
1555 1561 1793 1636 peccavi.
1838 1548 1952 1619 Reii

79 1661 248 1733 utique
273 1668 384 1716 era-t
415 1661 642 1734 (David);
673 1661 830 1717 nullis
854 1664 963 1735 ipse
995 1663 1183 1734 Ieyibus
1206 1664 1492 1728 tenebatur,
1522 1665 1642 1734 quia
1663 1663 1807 1718 liberi
1829 1671 1948 1718 sunt

78 1769 215 1831 reyes
241 1777 272 1814 a
298 1760 508 1814 vinculis
535 1760 861 1826 delictorum‚·
887 1780 1051 1833 neque
1079 1764 1213 1816 enim
1233 1762 1352 1816 ullis
1378 1763 1446 1816 ad
1466 1779 1672 1833 poenam
1700 1769 1948 1816 vocantur

78 1853 281 1929 leqibus,
313 1859 409 1911 tuti
438 1859 528 1912 sub
559 1859 756 1931 imperii
775 1866 1052 1931 potestate.
1091 1859 1295 1915 Homini
1321 1878 1439 1932 erqo
1472 1878 1577 1914 non
1599 1862 1847 1932 peccavit,
1869 1862 1950 1914 cui

76 1963 178 2012 oon
205 1955 468 2009 tenebatur
492 1955 758 2011 obnoxius.
794 1956 991 2028 (Prima
1021 1956 1274 2029 apologia
1298 1957 1481 2022 David,
1512 1975 1628 2031 cap.
1651 1977 1703 2025 x,
1722 1991 1797 1998 —
1814 1956 1946 2014 edit.

0 2074 2 2100 i
76 2044 318 2117 Maureti,
346 2051 570 2108 Parisiis
597 2052 763 2119 1686,
794 2059 832 2109 t.
863 2053 903 2122 Ι,
933 2073 988 2128 p.
1021 2053 1176 2126 69⁶2.)

146 2147 342 2204 Textus
368 2148 674 2205 Cassiodori
697 2151 842 2207 :Tibi
865 2151 965 2207 soli
990 2151 1280 2225 peccavi...
1298 2152 1376 2207 De
1395 2153 1591 2225 populo
1616 2156 1660 2208 si
1679 2155 1789 2226 quis
1810 2172 1953 2208 erra-

75 2247 219 2314 verit,
245 2254 291 2301 et
314 2247 420 2302 Deo
445 2258 625 2320 peccat
653 2255 701 2304 et
725 2252 854 2319 reqi.
898 2249 1032 2305 Nam
1065 2252 1270 2323 quando
1302 2269 1397 2306 rea:
1424 2252 1688 2324 delinquit,
1717 2254 1815 2307 soli
1842 2253 1950 2308 Deo

0 2368 1 2386 2
74 2362 189 2400 reus
222 2354 316 2411 est,
344 2349 462 2419 quia
486 2348 736 2404 hominem
757 2367 862 2404 non
892 2350 1041 2404 habet
1066 2352 1151 2421 qui
1176 2352 1284 2423 ejus
1312 2353 1454 2423 facta
1482 2351 1745 2422 dijudicet.
1767 2351 1949 2406 Merito

0 2484 2 2502 .
76 2459 192 2515 erqo
217 2461 309 2498 rex
342 2443 444 2499 Deo
472 2452 672 2500 tantum
703 2465 759 2501 se
789 2447 911 2502 dicit
947 2465 1210 2520 peccasse,
1235 2449 1355 2519 quia
1389 2448 1530 2502 solus
1571 2455 1684 2502 erat
1723 2451 1807 2521 qui
1839 2453 1947 2521 ejus

0 2561 1 2571 ¹
71 2543 321 2612 potuisset
360 2530 583 2598 admissa
633 2545 902 2600 discutere.
943 2546 1236 2620 (Expositio
1272 2547 1331 2602 in
1371 2547 1568 2621 psalm.
1601 2549 1693 2614 50,
1720 2582 1785 2589 —
1812 2549 1943 2606 edit.

75 2637 571 2713 Benedictinorum,
599 2642 922 2717 Rothomagi
949 2645 1118 2715 1679,
1142 2651 1182 2700 t.
1208 2647 1272 2711 ΙΙ,
1303 2663 1438 2720 page
1461 2647 1625 2719 ⁵170.)

149 2738 344 2794 Textus
376 2741 550 2797 sancti
575 2742 818 2815 Gregorii
844 2744 1209 2801 Turonensis:
1244 2746 1436 2819 Siquis
1464 2748 1525 2802 de
1565 2749 1731 2816 nobis,
1766 2767 1794 2803 o
1829 2767 1943 2815 rea),

70 2837 284 2908 justitiae
310 2841 560 2895 tramitem
579 2844 938 2898 transcendere
959 2846 1196 2911 voluerit,
1220 2864 1251 2900 a
1271 2854 1317 2900 te
1334 2849 1518 2918 corriqi
1538 2855 1712 2919 potest
1730 2868 1745 2899 .·
1765 2850 1809 2902 si
1831 2866 1947 2903 vero

79 2941 132 2989 tu
165 2939 457 3002 excesseris,
497 2940 606 3009 quis
634 2946 682 2993 te
712 2943 979 3012 corripiet?
1016 2943 1291 3015 Loquimur
1323 2947 1458 2999 enim
1499 2947 1607 3011 tibi,
1646 2947 1738 3001 sed
1778 2949 1822 3001 si
1860 2966 1948 3002 vo-

82 3029 416 3102 lueris,audis
437 3055 452 3086 .·
478 3037 523 3089 si
555 3044 722 3091 [tutem
756 3038 1000 3107 nolueris,
1031 3043 1142 3112 quis
1182 3049 1230 3096 te
1267 3044 1642 3109 condemnabit,
1670 3047 1770 3099 nisi
1796 3048 1838 3099 is
1867 3048 1951 3117 qui

83 3144 136 3183 se
154 3137 500 3203 pronuntiavit
521 3155 630 3191 esse
651 3139 1014 3208 justitiam?...
1037 3140 1137 3196 Sed
1169 3143 1291 3214 quid
1311 3144 1501 3216 plura?
1535 3145 1685 3201 habes
1714 3146 1872 3218 leyem
1902 3155 1950 3201 et

88 3228 332 3282 canones:
358 3231 463 3287 haec
500 3242 547 3288 te
579 3235 846 3307 diliyeuter
895 3240 1074 3294 rimari
1115 3250 1343 3313 oportet‚·
1383 3250 1433 3297 et
1462 3251 1579 3298 tunc
1610 3262 1717 3316 quae
1751 3262 1948 3316 praece-

81 3323 251 3393 perint
278 3326 322 3379 si
357 3345 458 3382 non
486 3332 847 3404 observavei·iS‚
882 3340 1082 3393 noveris
1121 3341 1208 3394 tibi
1239 3342 1493 3412 judicium
1532 3342 1626 3397 Dei
1661 3345 1942 3397 imminere.

91 3417 340 3490 (llistoria
355 3422 704 3501 Francorum,
745 3432 853 3499 l.V,
882 3452 1000 3509 cap.
1031 3455 1134 3507 xix,
1164 3437 1295 3494 edit.
1325 3439 1776 3505 mauritanorum,
1804 3437 1947 3492 Pari-

86 3514 181 3569 siis
207 3515 370 3590 1699,
396 3537 450 3592 p.
476 3521 631 3595 224.)

157 3613 355 3669 Textus
386 3618 555 3672 sancti
581 3619 765 3680 Isidori
788 3627 1126 3701 Hispalensis
1151 3654 1162 3686 :
1192 3634 1415 3708 Difficile
1445 3643 1521 3690 est
1553 3635 1841 3706 principem
1866 3652 1946 3688 re-

83 3709 221 3778 qredi
247 3710 314 3765 ad
340 3711 515 3767 melius
549 3715 594 3768 si
618 3718 750 3772 vitiis
772 3723 926 3793 suerit
954 3726 1262 3800 implicatus.
1300 3730 1488 3802 Populi
1519 3730 1650 3783 enim
1676 3736 1947 3800 peccantes
