2340 3990
630 296 785 342 INDEX
815 297 971 345 Jux'rA
1005 289 1341 346 MATERIARUM
1371 292 1618 342 ORDlNEH.
1980 291 2068 339 4⁴1

392 399 508 448 dum,
542 410 620 453 per
640 400 982 456 uniuscujusque
998 404 1182 447 hominis
1207 407 1414 446 aeternum
1440 397 1694 454 cognitionis
1715 402 1757 440 et
1782 397 1940 440 amoris

395 470 534 507 actum
545 497 1195 519 .............
1226 463 2076 518 '.............·.280

341 533 471 587 Prop.
496 535 569 576 11⁸.
585 557 639 566 —
656 536 762 590 Deus
777 538 909 579 votuit
926 545 967 581 et
995 539 1177 582 instituit
1191 539 1432 582 societatem
1449 536 1616 579 civilem
1631 539 1835 587 tanquam
1853 545 1946 576 me-

396 600 514 642 dium
541 601 594 643 ad
613 601 740 644 finem
766 605 972 648 societatis
997 607 1238 650 domesticae
1260 619 1335 649 seu
1358 605 1552 654 familiae;
1579 603 1819 645 societatem
1845 613 1946 644 vero

396 668 660 711 domesticam
681 676 881 725 tanquam
899 675 1086 729 medium
1104 676 1158 718 ad
1180 676 1310 717 finem
1326 673 1537 716 societatis
1550 670 1762 724 religiosae
1781 681 1856 711 seu
1870 669 1949 711 Ec-

396 736 557 785 clesiae;
584 738 715 790 ipsam
731 739 916 782 vicissim
944 742 1170 784 Ecclesiam
1185 740 1389 795 tanquam
1416 740 1605 782 medium
1630 738 1681 780 ad
1704 738 1831 784 tinem
1847 737 1947 780 ulti-

396 816 530 852 mum,
551 817 678 857 quam
697 807 776 849 sibi
797 809 989 852 homines
1010 811 1192 853 creando
1215 810 1431 864 proposuit
1437 835 1986 852 ............
1999 803 2080 846 283

344 872 471 924 Prop.
496 873 596 913 111⁸.
619 895 670 904 —-
686 874 798 916 Finis
821 877 1030 919 societatis
1065 878 1202 919 civilis
1226 877 1524 919 subordinatur
1540 874 1616 916 fini
1641 874 1851 916 societatis
1872 873 1949 915 do-

338 968 341 971 .
397 940 580 981 mesticae
609 951 684 982 seu
711 942 899 992 familiae,
923 950 965 987 et
996 945 1095 986 finis
1116 945 1288 987 familiae
1310 944 1616 986 subordinatur
1634 942 1710 983 fini
1726 940 1939 983 Ecclesiae.
1998 938 2075 981 286

292 1011 317 1063 S
337 1011 379 1052 2.
403 1036 455 1043 —
476 1014 655 1060 Quaestio
683 1015 735 1056 de
755 1018 957 1068 possibili.
976 1042 1030 1050 -
1053 1019 1142 1060 Non
1166 1022 1377 1073 repugnat
1406 1030 1478 1059 seu
1503 1016 1702 1070 possible
1726 1016 1806 1056 fuit
1826 1027 1851 1056 a
1867 1014 1950 1056 Deo

345 1078 489 1119 datum
514 1081 702 1122 Ecclesiae
715 1082 786 1134 jus
797 1083 966 1136 aliquod
993 1085 1038 1126 in
1062 1098 1154 1127 rem
1177 1086 1453 1136 temporalem
1480 1089 1665 1125 statuum
1677 1110 1942 1126 ......
2001 1078 2081 1120 286

348 1146 476 1199 Prop.
505 1148 556 1187 1⁸.
577 1171 630 1178 —
650 1149 788 1190 Potuit
814 1150 925 1192 Deus
953 1153 1096 1192 ambas
1116 1157 1355 1203 potestates,
1380 1150 1706 1191 ecclesiasticam
1725 1148 1884 1189 scilicet
1909 1152 1951 1188 et

400 1217 583 1266 civilem,
612 1218 829 1259 distinctas
859 1219 1099 1267 instituere,
1126 1223 1166 1259 et
1193 1219 1321 1259 sim'ul
1354 1219 1461 1259 velle
1498 1219 1665 1259 civilem
1688 1218 1809 1259 alteri
1836 1223 1950 1258 certo

399 1285 523 1324 modo
546 1285 774 1336 subjectam
781 1316 1944 1331 ......................
2003 1283 2083 1325 286

350 1352 477 1404 Prop.
499 1352 570 1391 11⁸.
589 1375 640 1382 —
659 1353 798 1392 Potuit
815 1353 935 1402 Deus,
957 1354 1038 1394 etsi
1064 1354 1203 1394 ambas
1226 1358 1454 1405 potestates
1464 1353 1686 1394 distinctas
1702 1352 1947 1400 instituerit,

403 1420 541 1471 quoad
573 1431 714 1459 casum
742 1433 826 1472 quo
859 1421 995 1462 civilis
1028 1421 1351 1462 ecclesiasticam
1384 1422 1544 1472 injuste
1576 1421 1845 1474 praepediret,
1883 1420 1955 1472 Jus

404 1486 692 1527 ecclesiasticae
716 1488 906 1529 tribuere
928 1489 1090 1530 civilem
1120 1490 1350 1542 coercendi,
1372 1491 1501 1531 etiam
1523 1501 1667 1541 regem
1683 1490 1834 1532 aliosve
1850 1489 1956 1531 civi-

403 1555 456 1596 lis
479 1555 692 1607 potestatis
720 1556 935 1597 ministros
963 1557 1210 1609 deponendo
1220 1586 1944 1603 ...............
2004 1555 2083 1600 289

351 1623 480 1675 Prop.
501 1624 593 1664 111⁸.
617 1646 669 1653 —
697 1624 835 1665 Potuit
854 1625 974 1672 Deus,
999 1630 1135 1666 stante
1151 1627 1367 1666 ambarum
1393 1631 1646 1677 potestatum
1672 1625 1952 1672 distinctione,

405 1691 599 1732 Ecclesiae
616 1703 859 1743 supremum
879 1692 1087 1743 judicium
1107 1693 1293 1734 tribuere
1313 1694 1364 1734 de
1382 1694 1583 1745 praedicto
1608 1705 1720 1743 casu,
1741 1693 1783 1734 id
1802 1697 1880 1743 est,
1902 1704 1955 1733 an

405 1758 539 1800 civilis
567 1764 750 1810 potestas
771 1760 1092 1801 ecclesiasticam
1111 1761 1265 1813 injuste
1286 1762 1519 1814 praepediat
1532 1792 1948 1806 .........
2008 1759 2086 1802 289

355 1825 483 1876 Prop.
506 1825 590 1865 11².
611 1847 664 1854 —
682 1825 826 1866 Potuit
846 1825 968 1871 Deus,
991 1826 1070 1866 etsi
1101 1827 1242 1867 ambas
1266 1831 1488 1878 potestates
1516 1827 1732 1867 distinctas
1762 1826 1957 1867 institue-

408 1890 483 1938 rit,
499 1892 605 1932 velle
627 1896 674 1932 ut
701 1893 744 1932 in
768 1893 955 1934 materiis
983 1894 1140 1942 mixtis,
1168 1894 1211 1934 id
1243 1899 1317 1942 est,
1340 1895 1391 1935 ad
1418 1899 1643 1945 utramque
1668 1894 1794 1934 simul
1821 1892 1957 1945 perti-

407 1959 621 2009 nentibus,
649 1960 782 2002 civilis
804 1961 1094 2002 ecclesiastieae
1114 1962 1305 2002 subesset
1315 1991 1952 2004 .............
2012 1960 2090 2001 290

356 2035 488 2087 Prop.
530 2036 587 2075 1³.
615 2058 667 2065 -
695 2035 834 2076 Potuit
862 2036 969 2077 Deus
990 2037 1095 2078 velle
1125 2038 1173 2078 ad
1197 2037 1520 2080 ecclesiasticam
1551 2043 1796 2090 potestatem
1821 2037 1959 2089 perti-

409 2112 509 2142 nere
527 2100 754 2152 judicium,
785 2113 836 2141 an
855 2102 1028 2142 materia
1048 2102 1099 2142 sit
1117 2102 1259 2151 mixta,
1292 2115 1423 2143 necne
1435 2130 1952 2146 ...........
2012 2098 2091 2140 290

357 2176 485 2227 Prop.
514 2177 596 2217 ΥΡ.
626 2200 679 2206 -
698 2178 739 2217 Si
768 2176 875 2218 Deus
898 2178 1039 2218 ambas
1059 2182 1282 2230 potestates
1302 2178 1505 2230 praedicto
1529 2178 1653 2219 modo
1689 2177 1958 2225 instituisset,

408 2249 658 2297 sequeretur
677 2246 844 2286 civilem
859 2258 948 2287 esse
971 2247 1022 2286 ab
1039 2246 1316 2286 ecclesiastica
1346 2246 1694 2297 independentem
1717 2245 1854 2298 quoad
1870 2243 1960 2284 ori-

408 2312 564 2362 ginem,
589 2324 673 2352 non
697 2313 830 2364 quoad
861 2314 1248 2354 subordinationem
1261 2342 1953 2356 ..............
2015 2308 2088 2350 291

358 2378 577 2420 Conclusio
595 2379 881 2432 pat-nymphi.
911 2402 960 2410 —
978 2380 1083 2430 Ergo
1106 2380 1302 2431 possible
1319 2379 1400 2419 suit
1420 2390 1443 2418 a
1463 2378 1544 2418 Deo
1561 2377 1654 2417 dari
1679 2375 1870 2416 Ecclesiae
1891 2374 1961 2426 jus

409 2446 576 2498 aliquod
600 2446 643 2485 in
665 2457 756 2486 rem
776 2447 1047 2498 temporalem
1067 2452 1255 2487 statuum
1265 2474 1952 2490 ..............
2013 2439 2086 2479 ‘291

305 2522 392 2573 §⁴5-
419 2543 472 2552 --
500 2522 683 2568 Quaestio
713 2522 824 2562 sacti.
851 2545 904 2552 -
924 2523 979 2562 De
1008 2522 1115 2563 facto
1139 2523 1362 2574 praefatum
1387 2521 1459 2572 jus
1487 2533 1509 2561 a
1538 2521 1621 2561 Deo
1646 2519 1839 2560 Ecclesiae
1872 2528 1960 2558 suae

409 2589 609 2629 collatum
639 2589 781 2638 fuisse,
804 2590 954 2629 merito
979 2590 1194 2641 colligitur
1223 2601 1268 2630 ex
1295 2589 1513 2640 utriusque
1534 2587 1751 2639 potestatis
1775 2587 1870 2626 [ine.
1888 2618 1899 2629 .
1941 2617 1952 2628 .
2012 2582 2088 2624 291

357 2664 484 2715 Prop.
514 2663 564 2703 1¹.
593 2685 638 2692 -
667 2664 804 2704 Voluit
829 2668 871 2704 et.
896 2664 1082 2704 instituit
1113 2665 1221 2705 Deus
1252 2664 1419 2705 civilem
1453 2664 1690 2704 societatem
1715 2667 1755 2701 et
1782 2663 1962 2712 potesta-

408 2735 494 2770 tem
508 2735 691 2781 tanquan
715 2731 903 2771 medium
923 2731 973 2771 ad
989 2733 1115 2774 finem
1139 2731 1348 2772 societatis
1371 2736 1412 2771 et
1430 2730 1648 2781 potestatis
1666 2727 1873 2776 religiosae
1887 2737 1962 2766 seu

408 2796 600 2837 Ecclesiae
611 2816 624 2839 .‘
666 2821 1949 2842 .........................
2011 2789 2086 2829 291

361 2873 487 2923 Prop.
512 2872 585 2911 11⁸.
606 2893 657 2900 —
679 2871 758 2911 noc
787 2870 878 2922 ipso
900 2872 1011 2922 quod
1039 2871 1144 2911 Deus
1170 2870 1352 2909 voluerit
1380 2875 1421 2908 et
1447 2867 1683 2908 instituerit
1701 2865 1865 2906 civilem
1889 2877 1961 2917 po-

408 2942 601 2978 testatem
632 2942 832 2988 tanquam
851 2937 1038 2978 medium
1074 2938 1123 2976 ad
1157 2937 1348 2977 Ecclesiae
1377 2936 1518 2982 tinem,
1555 2935 1686 2975 voluit
1714 2938 1961 2985 potestatem

409 3004 571 3045 cix-ilem
601 3003 790 3043 Ecclesiae
816 3002 985 3042 subesse
1016 3006 1220 3053 quantum
1250 3013 1356 3052 opus
1392 3007 1454 3042 est
1487 3007 1534 3042 ut
1559 3002 1654 3041 haee·
1680 3001 1812 3040 finem
1837 3010 1962 3040 suum

410 3071 628 3123 proprium
657 3069 952 3110 convenienter
976 3069 1175 3120 prosequi
1198 3070 1329 3121 possit
1350 3075 1390 3109 et
1415 3070 1625 3120 attingere
1639 3097 1953 3113 .......
2012 3064 2087 3106 291

360 3147 483 3198 Prop.
515 3146 608 3186 111⁸.
625 3167 677 3175 —
708 3145 789 3184 Hoc
804 3144 893 3195 ipso
910 3143 1019 3194 quod
1048 3143 1151 3183 Deus
1172 3143 1350 3184 voluerit
1373 3148 1618 3195 potestatem
1637 3143 1805 3183 civilem
1830 3141 1964 3181 Eccle-

412 3213 483 3253 sire
514 3213 684 3253 subesse
709 3216 911 3263 quantum
934 3210 1062 3261 exigit
1087 3210 1185 3251 finis
1212 3211 1405 3252 Ecclesiae
1429 3211 1644 3263 proprius,
1668 3210 1739 3261 jus
1768 3206 1962 3248 Ecclesiae

411 3277 587 3318 contulit
605 3289 654 3317 ea
675 3277 928 3328 impediendi
953 3288 1025 3317 seu
1046 3277 1264 3318 coercendi
1291 3289 1367 3330 per
1391 3290 1485 3329 quae
1511 3277 1682 3318 societas
1706 3275 1854 3320 civilis,
1877 3283 1962 3313 non

412 3341 596 3381 medium
625 3341 695 3381 sed
720 3341 1065 3394 impedimentum
1083 3343 1188 3383 soret
1211 3343 1320 3384 dicto
1348 3343 1538 3384 Ecclesiae
1571 3341 1643 3380 fini
1679 3366 1954 3383 ......
2014 3334 2094 3376 292

364 3417 490 3468 Prop.
513 3416 534 3455 Ι
543 3415 582 3455 Γ·
601 3437 655 3445 —
675 3415 731 3455 De
747 3415 853 3456 sacto
870 3415 941 3465 jus
962 3415 1153 3457 Ecclesiae
1180 3419 1383 3469 competit
1402 3430 1411 3457 :
1443 3418 1483 3457 1⁰
1501 3414 1696 3456 irritandi
1721 3425 1794 3455 seu
1810 3412 1963 3453 annul·

415 3482 527 3523 landi
555 3482 765 3523 societatis
801 3482 936 3523 civilis
973 3483 1084 3534 leges
1108 3483 1183 3524 fini
1220 3485 1412 3527 Ecclesiae
1435 3485 1653 3530 adversas;
1683 3481 1725 3521 2ο
1752 3479 1961 3532 obligandi

414 3549 602 3601 ejusdem
644 3548 856 3589 societatis
888 3548 1022 3589 civilis
1052 3555 1236 3592 rectores
1274 3552 1324 3592 ad
1373 3550 1643 3591 cohibendam
1682 3546 1961 3600 typographiae

413 3617 663 3662 libertate-n,
689 3616 748 3655 ita
767 3621 810 3656 ut
837 3614 904 3655 edi
927 3620 1133 3667 nequeant
1150 3615 1250 3657 libri
1275 3617 1431 3668 absque
1459 3614 1714 3655 auctoritatis
1741 3610 1960 3654 ecclesias-

997 3767 1011 3790 Ι
