2352 4126
938 333 1066 381 PARS
1106 332 1298 387 QUARTA
1307 364 1317 376 .
2015 331 2069 377 51

193 453 304 492 non
328 454 391 492 ex
416 435 510 491 illa
537 435 839 507 ordinaria,
871 436 969 492 sed
994 453 1060 493 ex
1081 435 1318 510 quadam
1338 452 1600 508 suprema
1628 441 1681 490 et
1699 433 1954 490 absoluta
1979 454 2074 509 po-

193 536 387 588 testate
411 532 668 606 procedit.
702 531 762 588 Et
785 529 931 604 quod
960 529 1115 586 illam
1139 547 1456 606 supremam
1477 534 1528 585 et
1550 527 1860 584 absolutam
1888 534 2070 602 potes-

194 630 355 679 tatem
406 627 546 700 Papa
590 624 807 693 habeat,
852 622 1072 681 videtur
1113 627 1350 683 multum
1386 642 1607 698 aequum
1654 630 1708 680 et
1752 622 2073 698 reipublicae

191 721 346 777 valde
363 723 675 796 expedienS‚
693 721 902 780 scilicet
922 727 984 777 ut
1005 721 1078 778 sit
1102 723 1304 796 aliquis
1325 739 1621 797 supremus
1637 721 1950 794 Monarcha,
1976 722 2072 794 qui

192 835 388 891 regum
407 818 717 893 hujusmodi
732 836 986 875 excessus
1002 817 1172 892 possit
1193 818 1465 890 corrigere
1492 818 1627 874 etde
1651 817 1784 891 ipsis
1796 817 2070 891 justitiam

192 915 529 973 ministrare.
559 937 587 969 »
613 916 689 989 (ln
714 921 875 991 caput
898 916 1046 972 Alius
1070 935 1152 985 xv,
1180 919 1373 987 quaest.
1395 935 1461 983 v1,
1491 934 1548 970 n.
1574 916 1657 983 2.)

263 1014 367 1068 XII.
404 1013 694 1086 Stephanus
719 1015 1008 1088 AufreriuS.
1031 1045 1100 1053 —
1118 1012 1448 1068 Parlamenti
1467 1012 1721 1068 Tolosani
1749 1031 1950 1087 praeses
1976 1030 2072 1069 sae-

188 1108 312 1166 culo
334 1129 426 1163 xv:
458 1142 527 1150 --
558 1110 747 1183 «Papa
792 1109 976 1184 ipsum
1011 1109 1404 1182 imperatorem
1442 1110 1711 1178 tanquam
1749 1108 2071 1163 inferiorem

188 1205 453 1278 destituit,
475 1205 820 1278 exigentibus
845 1206 1050 1263 causis.
1079 1206 1143 1260 Et
1175 1205 1233 1260 in
1261 1203 1522 1260 omnibus
1547 1203 1735 1259 arduis
1760 1205 1994 1276 negotiis
2020 1211 2072 1262 ot

186 1303 438 1359 maximis
473 1303 890 1360 difficultatibus
924 1303 1318 1377 generantibus
1361 1301 1688 1359 scandalum
1730 1302 1787 1356 in
1817 1302 2069 1358 christia-

185 1398 375 1467 nitate,
403 1400 540 1473 Papa
566 1406 747 1473 potest
776 1400 1096 1474 hujusmodi
1123 1400 1452 1474 majoritatis
1474 1398 1687 1454 ratione
1710 1416 1768 1453 se
1795 1398 2071 1453 intromit-

186 1501 322 1564 tere,
344 1496 507 1550 etiam
538 1497 681 1553 inter
698 1498 886 1566 laicos,
910 1504 964 1554 ct
991 1515 1245 1554 exercere
1270 1496 1591 1569 hujusmodi
1610 1500 1938 1568 potestatem
1966 1495 2070 1550 sibi

184 1609 214 1645 a
253 1592 357 1648 Deo
404 1594 799 1650 attributam.»
853 1595 1147 1668 (Tractatus
1190 1596 1252 1649 cle
1282 1601 1542 1668 potestate
1570 1593 1913 1660 saecularimn,
1952 1611 2008 1647 n.
2038 1594 2069 1647 5

186 1695 238 1743 et
272 1690 326 1745 6.
348 1724 415 1732 -
435 1692 667 1747 Citatum
698 1711 727 1748 a
752 1693 1083 1749 BelIarmino
1130 1694 1187 1748 in
1226 1712 1324 1750 sua
1367 1692 1685 1767 praefatione
1726 1697 1918 1746 contra
1945 1690 2071 1746 Bar-

191 1784 440 1848 claium.l

261 1883 388 1937 XIII.
422 1885 714 1940 Do‘minicus
747 1906 778 1942 a
805 1888 950 1944 Soto.
968 1920 1039 1929 —
1057 1888 1273 1944 Ordinis
1299 1888 1753 1955 Praedicatorum,
1777 1888 1991 1942 studuit
2014 1888 2066 1941 in

188 1977 537 2036 Universitate
561 1981 875 2052 Parisiensi,
905 1981 1160 2037 interfuit
1183 1983 1416 2038 concilio
1449 1984 1791 2053 Tridentino,
1821 1984 2065 2055 obiitque

185 2091 328 2129 anno
357 2075 521 2131 1560.
558 2077 609 2132 Is
647 2097 893 2135 errorem
920 2098 1083 2153 quem
1111 2080 1461 2135 confutamus
1491 2082 1758 2134 Iuereseos
1783 2087 1909 2135 nota
1938 2100 2060 2153 per-

184 2171 405 2243 stringit
431 2172 486 2226 in
517 2174 665 2230 hunc
706 2176 932 2231 modum
959 2198 970 2229 ;
1002 2177 1271 2246 «Quinta,
1311 2178 1609 2252 eademque
1640 2178 1906 2232 catholic-a
1936 2196 2062 2232 con-

181 2267 353 2323 clusio
386 2276 571 2326 contra
603 2289 800 2327 eorum
842 2273 1098 2330 haeresim
1135 2276 1229 2347 qui
1273 2294 1495 2331 omnem
1529 2278 1787 2332 abdicant
1824 2277 2069 2333 Pontifici

179 2367 533 2439 temporalem
575 2375 900 2442 potestatem
927 2392 938 2425 :
969 2373 1211 2428 Potestas
1242 2391 1604 2447 quaecumque
1640 2375 1816 2429 civilis
1843 2382 2068 2431 eatenus

180 2470 262 2518 est
291 2466 668 2524 ecclesiasticae
708 2470 950 2543 subjecta
1002 2472 1060 2526 in
1099 2472 1290 2528 ordine
1337 2473 1403 2527 ad
1446 2474 1783 2547 spiritualia,
1826 2481 1887 2530 ut
1927 2477 2065 2548 Papa

178 2561 353 2632 possit
382 2580 478 2635 per
502 2582 661 2620 suam
689 2567 1037 2639 spiritualem
1065 2574 1414 2643 potestatem,
1446 2571 1664 2643 quoties
1690 2572 1830 2627 ratio
1856 2573 1982 2628 fidei
2015 2581 2065 2628 ct

176 2657 453 2730 religionis
489 2663 746 2735 exegerit,
795 2683 906 2720 non
945 2666 1127 2722 solum
1164 2667 1662 2724 ecclesiasticarum
1699 2687 2061 2726 censurarum

172 2751 497 2811 fulminibus
537 2758 802 2816 adversus
844 2779 1000 2835 reges
1045 2781 1238 2836 agere,
1281 2782 1485 2836 eosque
1514 2782 1744 2837 cogere,
1787 2784 1979 2821 verum
2012 2773 2064 2822 et

169 2857 397 2908 cunctos
429 2855 756 2913 christianos
783 2860 1064 2934 principes
1095 2863 1503 2935 temporalibus
1541 2864 1701 2919 bonis
1731 2864 1967 2938 privare,
2011 2871 2063 2919 et

170 2961 344 3017 usque
382 2948 449 3002 ad
474 2967 664 3007 eorum
697 2952 1098 3028 depositionem
1135 2959 1449 3032 procedere.
1486 2981 1512 3012 »
1565 2961 1645 3029 (In
1674 2962 1707 3015 4
1743 2966 1885 3016 sent.
1930 2962 2056 3016 dist.

169 3039 319 3111 XXII,
347 3062 399 3116 q.
429 3064 482 3115 11,
510 3053 611 3105 art.
643 3049 698 3104 2.
718 3052 967 3125 —Apud
989 3053 1234 3125 Bianehi,
1260 3062 1302 3111 t.
1332 3056 1373 3126 I,
1403 3077 1457 3130 p.
1488 3057 1644 3127 109.)

244 3137 370 3195 XIV.
413 3141 629 3198 Gerson.
655 3178 722 3186 —
740 3146 1158 3207 Infensissimus
1184 3151 1231 3207 is
1258 3153 1553 3211 Pontitieiae
1584 3156 1929 3212 auctoritatis
1958 3157 2057 3210 ini-

173 3241 467 3306 pugnator;
505 3246 558 3296 et
587 3242 954 3303 nihilominus
982 3249 1209 3305 admisit
1239 3251 1495 3307 Ecclesiae
1528 3259 1843 3327 competere
1878 3255 2053 3309 domi-

173 3328 326 3386 nium
350 3339 634 3409 reqitivum,
664 3342 986 3415 directivum,
1014 3347 1352 3420 requlativum
1379 3355 1432 3405 et
1457 3351 1804 3406 ordinativum
1847 3352 1902 3406 in
1935 3367 2048 3404 rem

175 3429 522 3528 temporalem
550 3437 894 3513 Principum3
931 3461 994 3498 ac
1023 3445 1258 3518 proinde
1293 3448 1512 3519 agnovit
1548 3450 1772 3521 aliquam
1800 3446 2047 3504 Ecclesiae

174 3538 229 3574 in
256 3526 574 3597 temporalia
600 3541 947 3607 potestatem.
979 3540 1057 3596 En
1083 3543 1205 3616 ejus
1235 3545 1397 3600 verba
1430 3567 1440 3598 :

251 3616 533 3677 «Potestas
570 3629 942 3689 ecclesiastica
973 3652 1083 3691 non
1123 3636 1196 3692 ita
1235 3638 1401 3695 habet
1431 3640 1678 3695 dominia
1708 3645 1757 3693 et
1786 3639 1910 3709 jura
1944 3643 2048 3692 tor-
