2352 4126
983 396 1273 446 Pnofflmtm.
2027 411 2078 444 ιιι

190 495 402 622 fratres
430 532 594 597 tuos?
615 559 708 580 -κ
724 527 796 590 Et
824 529 1071 589 tandem
1100 527 1264 590 idem
1298 525 1604 607 colligitur
1635 545 1668 587 e
1698 532 1862 588 textu
1902 528 2078 590 Pasce

191 662 445 724 aynae...
469 654 645 720 pasce
675 652 827 694 oves,
869 631 1024 693 Sane
1062 634 1170 713 qui
1205 640 1409 713 pastor
1448 632 1847 696 constituitur
1879 633 2076 713 quoad
2169 652 2175 659 ·

193 748 363 817 alios,
394 741 593 803 officio
627 739 744 798 isto
778 736 1041 797 donatur
1062 737 1463 814 personaliter
1493 755 1598 797 seu
1625 745 1931 818 quatenus
1965 737 2082 799 dis-

193 854 419 912 tinctus
450 847 528 907 ab
563 845 693 905 istis
718 842 878 917 aliis,
909 859 1061 922 quos
1087 848 1378 920 tanquam
1411 861 1549 903 oves
1582 842 1879 923 regendos
1911 861 2082 903 acce-

194 956 306 1036 pit.
344 952 535 1032 Igitur
560 949 707 1010 dum
726 947 910 1008 verba
942 946 1074 1006 haec
1099 944 1324 1006 Christi
1352 946 1612 1026 probant
1640 946 1892 1007 Romani
1926 945 2079 1008 Pon-

194 1058 368 1119 tificis
395 1052 936 1127 infallibilitatem,
952 1050 1214 1111 simulet
1237 1068 1410 1130 aeque
1434 1051 1697 1130 probant
1722 1052 1907 1112 hacce
1930 1070 2082 1132 prae-

195 1161 466 1242 rogativa
493 1177 638 1220 eum
664 1158 958 1218 donatum
992 1155 1184 1216 fuisse
1206 1165 1489 1237 quatenus
1507 1173 1551 1222 na
1573 1152 1799 1236 reliquo
1822 1154 2082 1217 Ecclesiae

196 1284 431 1348 corpore
468 1263 818 1325 distiiwtum.

274 1371 362 1431 Ad
383 1368 735 1430 traditionis
751 1374 1158 1427 monumenta
1178 1366 1339 1446 quod
1362 1365 1603 1438 attinet,
1634 1364 1943 1446 pervolvat
1968 1365 2087 1426 lec—

194 1486 288 1538 tor
326 1495 466 1556 quae
521 1475 940 1554 congessimus
975 1480 1099 1532 tota
1136 1473 1404 1533 sectione
1454 1471 1721 1531 secunda
1767 1472 1957 1550 partis
2003 1489 2089 1531 se-

197 1582 434 1644 cundae.
462 1580 658 1641 Facile
688 1579 1020 1659 comperiet
1045 1587 1134 1638 tot
1161 1567 1273 1638 ista
1298 1578 1544 1638 Patrum
1584 1578 1769 1651 dicta,
1792 1577 2091 1637 Concilio-

196 1706 456 1766 rumque
471 1686 739 1764 decreta,
755 1703 991 1746 necnon
1005 1684 1412 1744 Romanorum
1430 1683 1767 1762 praesulum
1784 1683 2086 1743 definitio-

202 1811 310 1852 nes
338 1792 400 1849 in
427 1799 550 1851 tota
566 1789 830 1850 Ecclesia
858 1798 1154 1868 receptaS,
1179 1806 1209 1846 e
1227 1787 1453 1868 quibus
1483 1789 1751 1866 rigorose
1774 1787 2095 1848 deducitur
2183 1772 2186 1775 ’

202 1894 455 1954 Romani
480 1892 787 1953 Pontificis
826 1893 1264 1969 infallibilitas,
1307 1892 1493 1953 simul
1533 1894 1836 1965 evincere,
1875 1911 2097 1971 praero-

206 1999 403 2077 gativa
422 1997 525 2057 illa
549 1998 845 2057 donatum
874 1997 1067 2057 fuisse
1083 1997 1418 2057 Romanum
1434 1997 1790 2058 Pontificem
1811 2007 2018 2078 quaten
2032 2019 2092 2059 as

210 2123 248 2164 a
289 2101 516 2182 reliquo
561 2099 822 2162 Ecclesiae
857 2121 1091 2181 corpore
1140 2101 1506 2178 distinctam,
1555 2122 1686 2178 seu,
1734 2103 1894 2181 quod
1937 2104 2097 2163 idem

214 2216 329 2282 est,
376 2207 659 2267 donatam
704 2206 891 2266 fuisse
938 2206 1269 2266 Romanam
1318 2206 1670 2280 Ecclesiam,
1717 2217 1997 2288 quatenus
2030 2208 2100 2269 ab

211 2309 348 2371 aliis
369 2307 608 2370 ecclesiis
636 2308 982 2370 distinctam.
1010 2308 1098 2369 Sit
1125 2310 1189 2394 in
1223 2310 1569 2389 exemplum
1594 2310 1855 2370 celebris
1888 2311 2111 2372 Irenaei

213 2425 449 2478 textus:
483 2415 573 2476 Aa
599 2415 747 2476 lianc
772 2415 928 2476 enim
960 2413 1277 2476 Ecclesiam
1294 2429 1536 2497 propter
1565 2415 1855 2496 potiorem
1887 2418 2105 2498 princi-

213 2519 540 2602 palitatem,
580 2539 796 2580 necesse
825 2531 903 2581 est
932 2539 1156 2580 omnem
1189 2520 1489 2580 convenire
1518 2519 1850 2598 Ecclesiam,
1893 2522 1994 2583 hoc
2026 2535 2106 2584 est
2148 2577 2162 2589 .

216 2644 304 2685 eos
339 2623 439 2705 qui
468 2633 605 2684 sant
630 2624 891 2704 undique
923 2623 1138 2706 fideles,
1177 2625 1267 2685 Ibi
1307 2625 1470 2685 vides
1515 2624 1852 2687 Ecclesiam
1893 2627 2107 2688 Roma-

221 2747 387 2804 nam,
423 2729 602 2807 cujus
642 2728 783 2790 fidei
810 2731 1206 2809 acquiescere
1241 2740 1535 2791 tenentur
1568 2750 1805 2808 omneS,
1856 2735 2107 2812 apertis-

221 2833 377 2892 sime
413 2833 920 2914 contradistingui
958 2854 990 2894 a
1038 2836 1278 2895 caeteris
1325 2836 1541 2896 mundi
1586 2837 1880 2898 ecclesiis.
1918 2837 2111 2918 Igitur

223 2937 383 2996 sicut
410 2944 602 2996 textus
626 2937 738 2997 iste
758 2937 1152 2998 infallibilem
1177 2941 1382 3018 arguit
1400 2940 1730 3002 Romanam
1750 2941 2105 3018 Ecclesiam,

226 3041 307 3100 ita
353 3040 538 3100 simul
573 3041 799 3102 evincit
833 3059 964 3102 eam
999 3043 1114 3104 hac
1147 3046 1542 3124 praerogativa
1587 3047 1794 3126 potiri,
1825 3058 2110 3129 quatenus

227 3143 558 3206 distinctam
589 3165 623 3206 a
653 3145 879 3228 reliquo
919 3146 1182 3210 Ecclesiae
1216 3169 1475 3230 corpore.
1514 3150 1711 3231 Atque
1746 3151 1909 3212 idem
1949 3155 2112 3213 evin-

227 3257 395 3323 cunt,
421 3249 590 3309 verbi
617 3252 832 3328 gratia,
863 3259 997 3310 tum
1017 3251 1278 3312 formula
1298 3253 1438 3314 fidei
1467 3254 1591 3329 cui,
1623 3273 1782 3315 anno
1803 3254 1945 3332 517,
1967 3256 2112 3316 Hor-

229 3351 458 3412 misdas
485 3353 642 3432 Papa
668 3353 969 3414 subscribi
991 3355 1206 3432 jussit3
1239 3364 1372 3415 tum
1403 3356 1695 3435 professio
1724 3357 1864 3418 fidei
1898 3378 1928 3418 a
1957 3359 2112 3418 Grae-

232 3454 317 3513 cis
369 3457 586 3516 emissa
637 3457 699 3516 in
747 3458 1003 3518 concilio
1046 3458 1475 3546 Lugdunensi,
1524 3479 1687 3521 anno
1724 3459 1927 3532 1274;
1976 3470 2109 3521 tum.

234 3556 503 3620 definitio
531 3561 865 3623 Florentini
903 3563 1179 3640 Concilii,
1213 3582 1373 3625 anno
1411 3563 1593 3626 1459.

317 3659 507 3741 Igitur
546 3665 1006 3729 infallibilitatis
1045 3670 1439 3748 praerogativa
1474 3670 1734 3731 donatus
1773 3676 1864 3728 est
1901 3667 2111 3729 Roma-
