2340 3990
874 328 1003 376 PARS
1030 326 1248 383 QUARTA.
1907 325 1988 370 21¹

136 453 279 494 esse.
318 435 465 492 Unde
498 435 728 509 quilibet
763 451 794 492 e
826 433 1173 508 supracitatis
1215 430 1470 490 Romanis
1507 428 1857 488 Pontificibus
1902 431 1997 504 qui

135 533 337 590 dictam
372 538 689 608 potestatem
719 536 1102 601 exercuerunt,
1147 529 1315 587 simul
1348 527 1689 605 apertissime
1721 525 1908 584 docuit
1940 544 2001 582 ac

134 632 348 705 publice
373 631 648 705 professus
674 634 775 697 est,
803 626 965 685 talem
999 634 1322 703 potestatem
1349 628 1472 686 Sedi
1498 625 1816 703 Apostolicae
1849 643 1999 682 com-

0 720 33 787 ιὲ
135 733 340 802 petere.
379 727 485 784 Nec
521 730 735 781 tantum
773 724 1170 798 aequivalenter
1212 732 1266 783 et
1308 725 1547 801 practice
1586 725 1660 781 ita
1696 724 2005 782 docuerunt

135 825 360 882 Romani
383 821 679 890 Pontifices,
700 820 792 877 sed
819 821 986 878 etiam
1012 837 1267 897 expresse
1295 823 1624 880 declarando
1645 822 1749 880 sibi
1769 821 1826 878 in
1843 821 2003 879 Beato

134 923 284 979 Petro
314 918 579 994 ejusmodi
618 923 941 993 potestatem
978 937 1008 975 a
1036 920 1250 976 Christo
1290 921 1546 976 collatam
1594 920 1793 987 fuisse;
1839 925 2008 995 prout

135 1018 313 1075 videre
351 1021 452 1085 est,
494 1016 644 1072 verbi
678 1015 877 1089 gratia,
918 1015 974 1071 in
1018 1017 1231 1073 duabus
1275 1017 1536 1073 formulis
1577 1017 1935 1091 depositionis
1975 1035 2005 1072 a

90 1185 97 1192 ·
135 1121 320 1172 sancto
355 1113 604 1186 Gregorio
630 1113 715 1168 VII
754 1117 940 1168 contra
982 1113 1272 1169 Henricum
1315 1113 1614 1170 Germaniae
1655 1133 1841 1187 regem
1883 1133 2007 1190 pro-

133 1212 413 1268 nuntiatis.
444 1211 573 1266 Item
598 1210 886 1284 Gregorius
918 1211 983 1265 lx
1024 1211 1349 1286 deponendo
1389 1212 1772 1287 imperatorem
1815 1213 2007 1270 Frede-

132 1308 308 1365 ricum
347 1308 411 1375 11,
445 1307 569 1364 dicit
604 1324 865 1381 expresse
900 1325 959 1364 se
994 1307 1049 1364 id
1091 1309 1270 1366 facere
1307 1315 1578 1383 quatenus
1614 1309 1707 1366 Dei
1748 1309 1806 1366 in
1840 1311 2005 1368 terris

131 1405 269 1463 vices
303 1423 513 1479 gerens,
552 1410 606 1460 et
638 1407 942 1460 auctoritate
973 1424 1089 1461 sua.
1135 1405 1343 1464 Pariter
1373 1407 1641 1464 Innocens
1670 1408 1753 1479 IV,
1786 1407 1844 1462 in
1879 1426 2006 1465 con-

133 1503 253 1560 cilio
283 1503 625 1577 Lugdunensi
661 1503 832 1558 dicit:
883 1503 1070 1559 «Cum
1122 1505 1250 1562 Jesu
1290 1504 1487 1562 Christi
1533 1506 1678 1563 vices
1718 1512 2008 1563 teneamus

135 1600 190 1654 in
216 1600 395 1666 terris,
425 1599 692 1672 nobisque
724 1599 779 1653 in
805 1600 949 1655 Beati
967 1601 1108 1656 Petri
1129 1586 1370 1676 'apostoli
1397 1621 1631 1677 persona
1650 1605 1722 1660 sit
1742 1604 1954 1661 dictum
1975 1625 2001 1658 .:

140 1696 810 1770 Quodcumqueliyaveris...
841 1705 1198 1755 memoratum
1218 1701 1599 1777 principem...
1629 1704 1779 1760 omni
1799 1705 2008 1760 honore

141 1799 193 1850 et
214 1795 537 1868 dignitate...
569 1795 945 1852 sententiando
986 1797 1288 1871 privamus.
1323 1822 1350 1854 »
1395 1801 1568 1873 Igitur
1607 1821 1798 1858 revera
1823 1802 2009 1858 docuit

140 1892 439 1964 Apostolica
460 1894 642 1965 Sedes,
670 1893 724 1949 id
750 1899 852 1963 est,
879 1894 1192 1953 docuerunt
1216 1898 1443 1955 Romani
1470 1899 1778 1967 Pontifices,
1814 1900 1921 1957 sibi
1948 1920 2010 1957 ac

138 1989 386 2047 Ecclesiae
401 1994 489 2066 jus
517 1993 584 2048 de
611 2010 715 2066 quo
746 1993 927 2065 agitur
953 2001 1289 2070 competere.

209 2088 269 2142 11.
297 2089 414 2145 Haec
435 2090 584 2145 Sedis
608 2089 927 2163 Apostolicae
954 2092 1197 2150 doctrina
1227 2113 1456 2152 erronea
1486 2114 1572 2153 ess
1632 2097 1842 2172 nequit.
1872 2097 2006 2154 Nam

132 2179 178 2234 si
219 2198 441 2237 erronea
482 2184 639 2251 foret,
676 2195 991 2244 versaretur
1023 2207 1180 2246 error
1211 2194 1356 2248 circa
1393 2192 1609 2267 dogma.
1657 2194 1713 2249 Id
1758 2212 1870 2250 non
1911 2212 2004 2251 ne·

131 2278 270 2350 gavit
318 2280 562 2352 Bossuet‚
614 2283 887 2356 siquidem
944 2287 1011 2343 de
1045 2288 1306 2347 Romanis
1353 2290 1710 2348 Pontificibus
1755 2293 1849 2367 qui
1901 2292 2004 2349 sibi

129 2375 331 2433 dictum
368 2379 459 2452 jus
500 2382 843 2440 vindicarunt
887 2385 1068 2442 dicere
1108 2404 1278 2444 ausus
1305 2394 1410 2458 est,
1457 2408 1550 2447 eos
1586 2390 1798 2447 veritati
1841 2409 2004 2447 evan-

127 2474 312 2547 gelicae
337 2482 389 2532 et
409 2478 645 2551 antiquae
664 2481 947 2539 traditioni
972 2503 1330 2560 repugnasse,
1355 2505 1418 2544 ac
1438 2488 1666 2563 populos
1685 2488 1742 2544 in
1759 2506 2004 2545 errorem

130 2566 430 2641 induxisse,
462 2572 666 2629 nedum
696 2574 752 2630 in
787 2579 1012 2635 veritate
1041 2581 1506 2639 confirmaverint.
1529 2583 1669 2640 Sane
1693 2585 2004 2659 dogmatica

129 2673 212 2722 est
250 2669 478 2739 quaestio
514 2671 662 2728 haec:
695 2691 764 2729 an
795 2675 1043 2733 Christus
1085 2679 1340 2736 Ecclesiae
1379 2699 1441 2738 ac
1470 2682 1713 2739 Romano
1753 2683 2001 2740 Pontifici

131 2761 188 2817 in
237 2782 353 2821 rem
397 2770 751 2843 temporalem
787 2773 1100 2851 principum
1141 2778 1234 2851 jus
1277 2780 1770 2855 auctoritatemque
1808 2790 2003 2838 contu-

130 2859 272 2916 lerit.
310 2862 423 2918 Jam
459 2883 607 2931 vero,
659 2869 951 2927 fatentibus
992 2874 1248 2946 gallicani
1291 2878 1607 2951 systematis
1646 2880 2001 2953 sequacihu8‚

130 2973 373 3014 errorem
400 2961 619 3034 publice
657 2963 853 3022 docere
877 2985 938 3023 ac
963 2970 1205 3041 profiteri
1241 2974 1431 3047 nequit
1471 2974 1640 3032 series
1674 2977 1860 3051 aliqua
1901 2978 2004 3034 Ro-

131 3068 413 3111 manorum
451 3057 983 3129 Pontificum‚-licet
1025 3066 1107 3138 (ut
1144 3067 1251 3140 ipsi
1292 3069 1576 3145 effutiunt)
1619 3091 1806 3130 errare
1843 3079 2007 3148 queat

133 3161 275 3203 unus
302 3155 395 3205 aut
422 3151 560 3208 alter
595 3154 875 3213 Romanus
914 3158 1232 3236 Episcopus,
1272 3163 1404 3221 Cum
1439 3182 1566 3240 ergo
1602 3168 1674 3225 ita
1719 3170 2003 3227 docentem

137 3235 451 3314 habeamus,
490 3264 599 3303 non
638 3268 812 3307 unum
855 3261 949 3310 aut
986 3256 1222 3313 alterum
1264 3259 1483 3335 Papam,
1523 3264 1620 3320 sed
1647 3265 1863 3338 longam
1903 3266 2006 3319 Ro-

138 3351 422 3395 manorum
452 3342 768 3404 Pontificum
811 3353 1030 3422 seriem,
1076 3363 1129 3413 et
1165 3357 1392 3432 quidem
1424 3380 1524 3436 per
1554 3363 1713 3436 plura
1740 3364 2001 3419 continua

139 3431 355 3499 saecula,
398 3442 450 3492 et
480 3438 552 3495 ita
586 3447 919 3506 unanimiter
953 3452 1319 3513 sentientibus
1357 3458 1528 3516 totius
1566 3459 1713 3515 orbis
1747 3458 1999 3515 catholici

138 3524 467 3597 doctoribus,
497 3535 616 3592 talis
639 3539 883 3601 doctrina
915 3565 1263 3624 nequaquam
1291 3572 1518 3611 erronea
1549 3573 1669 3610 esse
1691 3559 1884 3627 potest.

211 3621 292 3676 111.
315 3622 559 3683 Bosstmru
579 3648 981 3696 moriones-
1006 3643 1055 3699 ¹⁰
1072 3644 1307 3720 Opponit
1320 3649 1566 3713 Bossuet‚
1585 3654 1637 3704 et
1650 3648 1863 3721 prolixe
1880 3651 2001 3723 qui-
