2352 4126
331 341 356 372 ⁹
996 299 1298 360 TRACTATUS
1329 295 1398 343 DE
1426 293 1571 342 PAPA.

327 461 457 503 vera
479 442 740 514 potestas,
786 428 900 485 sive
923 421 1132 478 directa
1157 412 1277 466 haec
1315 402 1425 460 dici
1461 398 1679 460 debeat,
1727 391 1844 450 sive
1870 385 2054 464 potius
2095 381 2243 438 indi-

327 546 500 600 recta.
538 536 603 592 Et
636 528 865 589 tandem
910 514 1158 576 sectione
1197 504 1400 564 ultima
1438 507 1787 573 exponemus
1832 505 1941 563 quo
1979 500 2151 542 sensu
2193 485 2246 536 et

329 640 536 718 quibus
559 622 907 705 argumentis
936 616 1051 674 sive
1077 609 1287 667 directa
1318 602 1434 659 sive
1464 596 1740 655 indirecta
1766 590 2022 664 potestas
2058 601 2089 639 a
2127 579 2246 638 suis

329 733 637 813 respective
664 715 1058 782 defensoribus
1083 704 1432 779 intelligatur
1457 715 1522 755 ac
1551 691 1959 770 propugnetur.

847 1029 1374 1106 DISCEPTATIO
1427 1017 1741 1085 PRAEVIA

939 1226 1024 1262 ΒΕ
1048 1217 1244 1259 STATU
1273 1206 1654 1259 QnAEsrlolus

831 1446 906 1455 -
929 1407 1137 1482 Duplex
1159 1399 1354 1458 moveri
1387 1396 1585 1468 potest,
1617 1404 1679 1443 ac
1711 1385 1775 1440 de
1817 1383 1956 1454 facto
1992 1383 2138 1432 mota
2174 1379 2249 1428 est

859 1520 965 1570 tate
994 1509 1161 1580 Papae
1198 1505 1255 1558 in
1280 1515 1392 1554 rem
1421 1487 1763 1564 temporalem
1787 1483 2101 1538 societatum
2134 1473 2254 1529 civi-

334 1530 576 1607 qaaestio‚
608 1524 671 1579 cle
703 1524 851 1593 potes

343 1632 491 1694 lium,
536 1621 773 1681 videlicet
806 1636 820 1668 .·
866 1631 934 1669 an
970 1611 1061 1674 sit,
1107 1622 1199 1660 sea
1245 1597 1457 1673 qaaestio
1498 1592 1561 1646 de
1601 1606 1681 1653 re;
1724 1590 1774 1640 et
1815 1579 1986 1654 qualis
2021 1576 2113 1643 sit,
2158 1589 2251 1626 sea

345 1729 563 1806 qaaestio
593 1725 657 1779 cle
681 1717 859 1776 modo,
879 1745 948 1754 ·--
963 1705 1118 1775 Quod
1142 1707 1384 1773 utraque
1418 1705 1629 1748 moveri
1671 1679 1905 1759 quaestio
1933 1671 2130 1751 possit,
2162 1686 2260 1743 per

349 1851 410 1890 se
434 1831 604 1904 patet.
647 1818 803 1885 Quod
837 1813 904 1868 de
929 1810 1073 1866 facto
1097 1806 1245 1860 mota
1275 1797 1369 1865 sit,
1411 1792 1687 1849 testantur
1712 1779 2097 1850 theologorum
2124 1764 2260 1822 libri

350 1933 418 1989 dc
450 1934 690 1997 utraque
723 1913 1075 1973 disserentes,

429 2029 715 2084 Psorosmo
755 2017 838 2071 11³.
869 2042 939 2053 -
967 2007 1048 2064 Ea:
1083 2022 1139 2059 eo
1182 1997 1318 2073 quod
1352 1995 1591 2049 doctores
1630 1978 1872 2040 catholici
1913 1977 2048 2029 inter
2073 1987 2128 2024 se
2161 1983 2270 2021 non

754 2134 780 2170 e
800 2110 953 2168 modo
982 2105 1132 2177 bajas
1165 2094 1469 2173 potestatiS,
1506 2095 1555 2143 et
1583 2082 1769 2140 modas
1802 2077 1889 2133 tlte
1923 2076 2148 2129 incertus
2174 2068 2268 2125 sin

1011 2204 1330 2276 potestatem
1355 2193 1524 2263 ipsam
1547 2200 1654 2238 non
1672 2195 1784 2234 esse
1814 2174 2024 2232 omnino
2058 2175 2277 2230 certam,

1226 2294 1365 2347 niter
1391 2284 1698 2341 admissam.
1723 2306 1792 2314 -—
1810 2269 2057 2326 Plurima
2083 2276 2284 2333 nempe

411 1430 695 1486 Psorosmo
734 1418 796 1472 1³.

359 2125 690 2186 consentiant
718 2117 749 2171 d

357 2246 461 2285 non
495 2222 731 2294 seqnitur
762 2229 871 2269 rem
896 2225 988 2263 sea

363 2335 515 2398 atque
537 2328 590 2376 nt
614 2314 773 2372 talem
793 2310 854 2364 ab
881 2305 1005 2379 ipsis
1025 2312 1223 2355 commu

363 2422 533 2500 quoad
582 2433 692 2472 rem
734 2413 881 2467 certa
925 2406 1060 2459 sunt
1104 2400 1158 2451 et
1197 2395 1355 2448 extra
1396 2399 1528 2440 omn

398 2527 407 2536 '
566 2518 699 2573 licet
730 2507 902 2584 quoad
933 2500 1146 2559 modam
1175 2480 1541 2565 disputationi
1571 2482 1625 2534 et
1665 2469 1998 2548 opinionum
2031 2456 2286 2518 varietati

1532 2395 1621 2436 em
1674 2371 1906 2430 omnino
1965 2368 2285 2421 controver-

389 3216 551 3275 culus
578 3206 706 3266 fidei
726 3208 811 3261 est
836 3223 847 3254 :
882 3197 949 3253 de
978 3189 1146 3248 modo
1168 3190 1356 3242 autem
1382 3195 1494 3252 quo
1522 3180 1638 3230 tres
1663 3178 1916 3244 personae
1948 3173 2070 3214 sese
2097 3150 2306 3208 habent

393 3318 452 3374 in
480 3314 606 3376 Deo,
648 3302 817 3363 variae
857 3292 1006 3371 apud
1043 3289 1296 3345 doctores
1333 3272 1638 3335 catholicos
1675 3265 1861 3322 extant
1898 3250 2306 3330 disputationes

847 3398 986 3452 Item
1017 3381 1303 3462 Episcopis
1339 3372 1590 3449 legitime
1629 3357 1952 3424 constitutis
1993 3353 2310 3425 competere

1157 3475 1462 3556 respective
1505 3471 1796 3529 dioeceses,
1841 3459 2043 3531 dogma
2081 3445 2316 3507 catholi-

1033 3589 1043 3598 '
1125 3584 1136 3594 ‘
1175 3578 1343 3638 dictio
1373 3577 1490 3630 haec
1518 3563 1751 3625 dicenda
1775 3559 1846 3617 sit
1874 3550 2199 3614 immediate
2228 3543 2318 3601 vel

395 3433 458 3474 ac
491 3407 806 3486 opiniones,
