2340 3990
356 307 447 356 220
1022 303 1318 354 TRACTATUS
1348 305 1416 353 DE
1447 306 1598 357 PAPA.

357 418 412 471 et
455 414 537 472 sic
576 414 817 490 populus
865 411 1054 486 ipsum
1090 411 1433 487 deponeret,
1478 419 1533 471 et
1576 431 1716 490 papa
1777 434 1876 491 per
1926 420 2200 482 accidens,
2229 439 2260 487 ,ι
2318 490 2321 498 J

430 515 715 571 Pnoposmo
743 511 815 568 5⁸.
836 543 913 554 —
933 511 1092 568 Initio
1116 513 1290 569 saeculi
1308 513 1386 570 IV
1398 513 1591 570 dictam
1618 514 1863 572 Ecclesiae
1887 518 2264 593 intemporalia

349 619 664 688 potestatem
695 618 956 667 testantur
987 611 1260 668 concilium
1298 612 1674 669 Elibcritanum
1705 616 1833 670 anni
1855 614 1989 686 505,
2024 624 2075 672 ct
2102 589 2268 678 conoiss
2324 650 2333 691 3¹

359 713 484 768 lium
508 708 815 766 Arelatense
847 710 976 765 anni
1005 708 1139 766 514.
1159 743 1236 750 —
1254 709 1412 766 Anno
1439 709 1575 779 505,
1602 727 1634 766 a
1662 710 1901 767 concilio
1934 711 2266 774 Eliberitano
2312 694 2327 701 ¹

357 810 562 885 primo,
591 826 803 866 canone
826 809 921 871 56,
943 808 1231 866 decretum
1254 809 1417 866 estin
1438 810 1592 866 hunc
1618 809 1851 866 modum
1871 830 1887 862 .·
1911 808 2269 883 Maqistratum

359 922 480 960 vero
507 923 610 961 uuo
645 924 785 962 anno
826 924 924 980 quo
961 908 1068 979 ayit
1118 908 1527 974 duumviratum,
1562 907 1945 980 prohibendum
1986 907 2189 981 placuit
2215 911 2274 971 ut
2321 964 2326 990 J

362 1023 418 1061 se
451 1006 514 1061 ab
544 1006 778 1062 Ecclesia
812 1009 1095 1063 contineat.
1120 1041 1189 1048 —
1218 1007 1313 1064 Isti
1359 1008 1620 1063 duumviri
1660 1025 1761 1082 per
1795 1025 2006 1064 annum
2034 998 2282 1083 praeponi}
2326 1022 2329 1071 ἰ

362 1106 615 1163 solebant
642 1107 967 1182 municipiis
994 1112 1048 1164 et
1073 1107 1308 1164 coloniis
1336 1108 1617 1165 Romanis.
1648 1107 1803 1173 Quod
1832 1126 2060 1179 munUS‚
2091 1107 2290 1184 utpotj'z

361 1211 500 1262 tunc
558 1206 829 1280 temporis
893 1206 1123 1280 aliquod
1180 1207 1653 1282 praevaricationis
1708 1207 2027 1282 periculum
2087 1226 2219 1265 secu
2268 1272 2271 1273 ⁷
2299 1219 2302 1222 “
2333 1256 2336 1263 .

364 1308 614 1376 trahenS,
639 1305 965 1364 Eliberitani
995 1306 1223 1364 concilii
1247 1308 1434 1364 Patres
1467 1308 1765 1382 jusserunt
1801 1325 1832 1363 a
1873 1306 2133 1363 fidelibus
2169 1325 2240 1364 no

366 1406 639 1474 exerceri3
682 1406 831 1481 quod
870 1406 916 1462 si
960 1412 1283 1463 exercerent
1323 1426 1418 1464 eos
1454 1411 1569 1464 toto
1614 1411 1867 1482 tempore
1911 1407 2219 1464 ecclesiasti

366 1504 763 1562 communione
787 1505 1013 1580 privari.
1045 1507 1166 1562 Jam
1210 1525 1342 1563 vero
1382 1507 1567 1563 Patres
1603 1506 1689 1562 illi
1717 1506 1822 1563 sihi
1858 1509 1950 1581 jus
1982 1507 2274 1564 tribuend

366 1606 622 1680 quaedam
647 1606 831 1663 civilia
861 1606 1055 1663 munia
1083 1607 1480 1677 interdicendi,
1508 1612 1571 1663 ut
1607 1607 1926 1663 animarum
1962 1608 2128 1664 saluti
2159 1626 2260 1665 con
2323 1659 2325 1661 ,

369 1707 644 1777 sulerent,
679 1707 780 1762 hoc
819 1705 941 1779 ipso
965 1706 1056 1779 jus
1082 1705 1308 1779 aliquod
1348 1706 1407 1762 in
1439 1724 1556 1762 rem
1599 1707 1966 1781 temporalem
2011 1707 2256 1764 societati
2338 1771 2340 1781 Ι

368 1805 549 1862 civilis
578 1805 685 1861 sibi
715 1805 1095 1862 vindicarunt.
1131 1805 1321 1861 Postea
1347 1823 1482 1862 vero
1516 1805 1703 1862 visum
1731 1810 1815 1862 est
1843 1806 2094 1880 permitti
2129 1825 2255 1881 poss
2280 1807 2282 1810 ’

368 1904 758 1979 supradictum
794 1923 1027 1973 munus,
1059 1905 1368 1961 dummodo
1410 1910 1601 1961 tamen
1640 1903 1773 1960 dicti
1806 1905 2168 1979 magistratus
2213 1887 2292 1963 ital

368 2007 467 2062 illo
496 2007 882 2080 fungerentur,
909 2011 972 2062 ut
998 2006 1056 2062 in
1083 2005 1442 2080 disciplinam
1471 2003 1910 2062 ecclesiasticam
1942 2005 2084 2062 nihil
2116 1979 2323 2087 deiri-{2

371 2105 546 2161 menti
571 2105 928 2163 redundaret.
2303 2107 2326 2188 J

449 2206 607 2261 Anno
646 2204 852 2280 quippe
890 2204 1002 2260 514
1032 2203 1339 2260 concilium
1380 2203 1723 2274 Arelatense,
1763 2220 1976 2259 canone
2023 2189 2334 2299 septimm}

374 2307 442 2362 de
486 2305 766 2381 praedictis
817 2304 1135 2362 duumviris
1182 2323 1281 2361 seu
1323 2303 1681 2378 praesidibus,
1730 2304 1805 2359 ita
1856 2304 2098 2360 decrevit
2124 2326 2134 2358 :
2160 2326 2186 2357 «
2218 2304 2305 2362 De¹
2334 2319 2340 2337 ’-

375 2405 711 2478 praesidibus
751 2404 850 2477 qui
885 2403 1076 2460 fideles
1117 2403 1183 2459 ad
1226 2402 1589 2476 praesidatum
1619 2402 1941 2476 prosiliunt,
1972 2403 2204 2477 placuit,
2229 2407 2306 2471 ut⁴
2328 2410 2337 2453 ³.

376 2522 506 2560 611111
534 2504 778 2578 promoti
804 2503 1014 2559 fuerint
1053 2502 1271 2558 litteras
1304 2502 1578 2576 accipiant
1605 2501 2002 2558 ecclesiasticas
2041 2505 2340 2578 commu-ff

377 2602 701 2673 nicatorias;
744 2603 819 2658 ita
850 2607 1042 2658 tamen
1067 2606 1132 2658 ut
1163 2602 1222 2657 in
1255 2601 1710 2675 quibuscumque
1736 2601 1872 2658 locis
1899 2602 2196 2675 gesserint,
2224 2601 2301 2659 ab
2338 2659 2340 2663 .

377 2701 643 2777 Episcopo
673 2703 923 2776 ejusdem
950 2701 1058 2758 loci
1087 2719 1220 2758 cura
1256 2701 1323 2757 de
1357 2700 1474 2757 illis
1512 2705 1729 2774 agatur,
1762 2705 1815 2756 et
1852 2718 1983 2756 cum
2028 2699 2333 2776 coeperint«

379 2807 572 2859 contra
599 2802 958 2877 disciplinam
983 2820 1171 2875 agere,
1198 2806 1322 2857 tum
1358 2802 1583 2857 demum
1610 2818 1641 2856 a
1672 2799 2071 2856 communione
2104 2799 2291 2855 exclu-

379 2904 603 2960 dantur.
633 2925 659 2956 υ
699 2903 875 2978 Igitur
928 2903 1276 2959 Arelatenses
1329 2908 1515 2976 patres
1565 2901 1675 2957 sibi
1721 2902 1815 2975 jus
1873 2899 2297 2974 adscripserunt¹

379 3005 737 3078 magistratus
762 3003 1021 3078 adigendi
1049 3003 1154 3060 sub
1180 3000 1778 3060 excommunicationis
1805 3018 1984 3074 poena,
2009 2999 2078 3056 ad
2103 3017 2292 3074 geren-

380 3104 516 3160 dum
543 3109 694 3160 certo
722 3105 888 3160 modo
927 3121 1135 3159 munus
1175 3121 1377 3167 suum;
1422 3101 1480 3157 id
1511 3106 1615 3172 est,
1643 3119 1707 3157 eo
1739 3101 1903 3156 modo
1943 3118 2008 3156 ex
2033 3118 2142 3173 quo
2182 3115 2291 3155 non
2328 3151 2331 3155 ,

381 3211 714 3278 sequeretur
755 3202 1046 3277 religionis
1085 3202 1514 3259 detrimentum.
1564 3199 1722 3264 Quod
1765 3199 1988 3273 quidem
2039 3197 2292 3256 Ecclesiae

378 3303 472 3378 jus
511 3320 633 3359 rem
670 3302 1038 3376 temporalem
1085 3306 1330 3358 statuum
1372 3300 1537 3375 plane
1578 3297 1822 3372 attingit.
1868 3297 2010 3354 Sane
2051 3297 2099 3354 si
2135 3295 2292 3353 hodie

382 3403 513 3460 Pius
552 3403 694 3476 Papa
740 3401 804 3455 lX
845 3401 949 3457 sub
996 3398 1590 3458 excommunicationis
1633 3414 1796 3472 poena
1842 3397 2182 3464 decerneret,
2225 3411 2293 3451 ne

386 3504 540 3561 ullus
565 3501 625 3558 in
650 3500 825 3558 Gallia
851 3501 1179 3574 catholicuS,
1199 3499 1410 3576 judicis
1442 3515 1652 3555 munus
1679 3497 2006 3567 exercendO,
2031 3494 2292 3570 quasdam

386 3600 640 3659 hodierni
673 3599 937 3675 gallicani
975 3599 1182 3656 codicis
1212 3600 1384 3674 leges,
1412 3595 1674 3671 religioni
1718 3595 2091 3665 adversantes,
2125 3589 2293 3667 appli-

387 3708 558 3769 caret,
589 3700 692 3758 hoc
717 3699 838 3776 ipso
860 3698 931 3756 ad
955 3697 1350 3756 dimittendum
1390 3714 1598 3755 munus
1642 3713 1811 3753 suum
1852 3694 2057 3751 multos
2095 3687 2293 3763 magis-
