2340 3990
760 351 889 398 PARS
918 351 1134 405 QUARTA.
1803 350 1889 397 507

23 457 312 518 auotoritas
338 457 703 515 ecelesiastica
729 459 829 515 hos
867 463 1083 515 tantum
1113 456 1425 534 spirituales
1451 460 1605 514 actus
1637 472 1892 514 exercere

23 554 209 632 possit,
241 556 487 612 indirecte
524 559 710 612 tamen
741 573 863 612 vera
891 555 950 611 in
992 573 1110 612 rem
1141 554 1503 631 temporalem
1528 559 1772 612 statuum
1796 572 1892 630 po-

22 659 212 711 testate
239 655 496 729 potietur.
527 654 653 718 Quae
677 652 863 727 opinio
890 653 1050 710 valde
1091 652 1276 710 differt
1306 671 1335 709 a
1372 652 1621 710 doctrina
1649 651 1895 710 Suaresii

23 753 76 805 et
98 750 333 805 aliorum
360 746 765 824 praecipuorum
792 749 1057 804 indireetae
1082 749 1367 823 potestatis
1394 755 1891 824 propugnatorum.

62 851 80 902 t
103 846 224 903 ideo
247 847 398 902 illam
424 844 867 918 distinguendam
891 853 942 902 et
960 845 1120 902 tertio
1141 848 1257 902 loco
1279 847 1589 920 ponendam
1610 846 1892 904 duximuS.

0 942 2 947 ’
92 942 155 998 11.
188 942 407 1009 Quinam
438 942 670 998 doctores
697 944 976 999 secundam
1006 946 1314 999 sententiam
1342 947 1805 1018 propuynaverint.
1825 978 1901 987 —

65 1041 334 1114 espondeo
366 1041 602 1097 breviter
634 1060 644 1096 :
676 1046 800 1097 ante
829 1041 1342 1116 protestantismum
1369 1041 1481 1096 sere
1520 1042 1695 1108 nulli;
1734 1044 1898 1115 paulo

21 1142 144 1195 ante
168 1137 561 1200 Bellarminum
603 1144 658 1195 et
685 1137 1003 1194 Suaresium
1035 1137 1215 1210 pauci3
1261 1143 1382 1210 post
1421 1137 1736 1194 Suaresium
1765 1158 1899 1212 pau-

23 1234 174 1290 latim
198 1234 312 1290 fere
336 1251 544 1290 omnes,
567 1234 716 1296 Quod
741 1239 925 1289 lamen
953 1251 1066 1288 non
1092 1233 1306 1288 affirmo
1329 1233 1603 1300 ‘absolute;
1638 1234 1769 1307 quia
1798 1253 1899 1291 nec

25 1333 150 1389 satis
184 1332 494 1406 diligenter,
540 1350 643 1388 nee
686 1337 770 1388 sat
814 1351 1013 1405 magno
1062 1350 1294 1387 numero
1342 1333 1543 1388 horum
1585 1336 1899 1406 temporum

24 1429 215 1505 scripta
248 1430 548 1502 theologica
582 1430 844 1504 pervolvi.
875 1430 1099 1485 Interim
1142 1430 1402 1486 lectorem
1438 1429 1661 1486 remitto
1702 1430 1768 1486 ad
1797 1431 1901 1487 cla-

28 1516 304 1584 rissimum
336 1526 671 1582 Suaresium.
705 1527 964 1599 (Defensio
989 1528 1107 1598 fidei
1138 1532 1329 1582 contra
1348 1527 1594 1600 Anglos.)

92 1624 178 1680 Ill.
208 1623 341 1690 Quid
367 1625 428 1685 de
455 1624 546 1680 illa
580 1625 804 1680 secunda
830 1626 1085 1679 sententia
1112 1625 1366 1679 videatur.
1390 1657 1460 1665 —
1487 1625 1738 1698 Magnam
1769 1642 1901 1681 sane

27 1720 400 1778 auctoritatem
443 1728 733 1778 consecuta
760 1727 840 1778 est
867 1741 930 1778 ex
956 1721 1209 1778 Suaresio
1248 1739 1310 1777 ae
1339 1722 1542 1778 secutis
1575 1723 1688 1778 fere
1722 1722 1901 1777 omni-

28 1818 128 1883 hus
150 1819 486 1874 doctoribus.
506 1820 749 1883 ——Quod
780 1820 967 1876 dixere
994 1819 1242 1891 priorum
1271 1819 1602 1875 saeculorum
1630 1820 1811 1876 Patres
1837 1821 1904 1876 de

30 1915 290 1972 institutis
314 1935 343 1971 a
371 1917 474 1972 Deo
504 1917 719 1972 duabus
747 1917 1131 1990 potestatibus,
1165 1921 1218 1972 et
1245 1917 1310 1972 de
1341 1916 1693 1990 subjectionis
1723 1917 1904 1973 debito

26 2013 166 2087 quod
195 2019 503 2084 agnoscunt
534 2013 786 2087 Episcopi
813 2031 939 2086 erga
969 2013 1250 2087 principes
1277 2012 1336 2068 in
1372 2032 1431 2069 re
1462 2013 1771 2087 temporali,
1800 2013 1906 2068 dif-

28 2204 150 2277 poni
194 2205 427 2261 videtur.
456 2206 892 2262 ——Attendenda
939 2207 1106 2262 etiam
1150 2207 1262 2264 haec
1306 2207 1744 2282 argumentatio:
1794 2225 1905 2264 non

27 2301 330 2357 censendus
361 2308 442 2358 est
472 2301 717 2358 Christus
750 2303 1003 2359 Ecclesiae
1031 2322 1142 2359 suae
1183 2305 1308 2377 plus
1346 2303 1634 2378 potestatis
1674 2303 1732 2358 in
1765 2309 1904 2359 tem-

26 2398 228 2469 poralia
257 2398 612 2473 concessisse,
633 2418 796 2473 quain
827 2401 1143 2474 requirebat
1166 2402 1470 2476 spiritualis
1490 2402 1611 2475 ejus
1637 2401 1782 2469 finis;
1811 2402 1906 2457 sed

27 2493 91 2550 ad
118 2493 287 2551 istum
315 2497 478 2553 finem
508 2499 713 2555 sufficit
746 2501 1000 2555 indirecta
1035 2505 1293 2574 potestas;
1329 2519 1458 2574 ergo
1482 2500 1792 2557 censendus
1823 2504 1906 2556 est

26 2589 271 2648 Christus
306 2594 479 2649 solam
507 2596 830 2651 indirectam
861 2596 1184 2653 contulisse.
1212 2632 1280 2640 —
1309 2598 1539 2672 Insuper
1574 2598 1721 2672 apud
1752 2596 1904 2671 prin-

29 2687 173 2762 cipes
204 2691 473 2758 infideleS,
514 2693 822 2760 haeretiCOS,
858 2711 920 2750 ac
950 2694 1118 2751 etiam
1161 2695 1461 2753 catholicos
1498 2696 1541 2752 si
1580 2695 1735 2770 pravi
1769 2695 1901 2762 sint,

29 2788 267 2842 secunda
295 2790 564 2849 sententia
597 2792 872 2848 minorem
902 2792 1165 2849 invidiam
1196 2796 1397 2850 conflat
1431 2813 1600 2868 quam
1625 2794 1828 2867 prima.

82 2990 106 3042 S
130 2988 169 3029 5.
188 3013 238 3018 —
258 2989 311 3029 De
335 2988 459 3031 tertia
487 2989 712 3038 sententia,
740 3002 832 3041 qum
860 2996 1098 3043 propugnat
1127 2991 1372 3032 indirectam
1393 2996 1636 3044 potestatem
1658 3000 1732 3043 per
1747 2988 1857 3031 solos

764 3058 1012 3111 spirituales
1045 3064 1177 3100 actus.

106 3180 144 3236 1.
177 3181 488 3253 Exponilur.
513 3184 762 3239 —Prout
791 3184 906 3257 jain
938 3202 1103 3258 supra
1148 3183 1409 3250 diximuS,
1447 3184 1738 3240 concordat
1780 3202 1909 3241 cum

35 3281 266 3334 secunda
294 3281 584 3348 sententia,
615 3282 672 3337 in
707 3301 767 3339 eo
792 3283 938 3354 quod
971 3282 1226 3339 Ecclesia}
1263 3300 1373 3338 non
1401 3282 1643 3339 vindicet
1674 3288 1910 3356 potesta-

37 3380 145 3432 tem
175 3370 233 3431 in
259 3379 602 3451 temporalia,
629 3380 738 3436 nisi
762 3382 973 3438 ratione
999 3381 1285 3438 missionis
1310 3400 1423 3438 suae
1445 3384 1511 3438 ad
1538 3383 1776 3454 regenda
1801 3381 1909 3453 spi-

40 3467 278 3536 ritualia,
307 3489 369 3525 ac
393 3470 624 3544 proinde
650 3473 755 3529 nisi
776 3476 1064 3534 indirecte.
1086 3480 1181 3535 Ast
1202 3480 1268 3534 al)
1294 3497 1355 3535 ea
1383 3479 1573 3533 differt
1599 3476 1655 3530 in
1683 3493 1746 3531 eo
1766 3473 1910 3546 quod

0 3591 2 3593 >
40 3562 361 3620 indirectam
406 3566 555 3622 illam
602 3574 920 3642 potestatem
957 3578 1127 3629 totam
1174 3575 1461 3631 concludat
1502 3571 1560 3627 in
1598 3570 1913 3627 exercendis

36 3658 437 3732 jurisdictionis
464 3663 765 3737 spiritualis
804 3669 1038 3738 actibus;
1070 3672 1166 3744 qui
1202 3690 1402 3744 nempe
1433 3676 1589 3726 actus
1617 3686 1736 3724 rem
1774 3673 1913 3723 tem-

26 2109 217 2167 fieilius
246 2130 373 2167 eum
400 2112 600 2186 prima,
636 2111 850 2167 facilius
885 2130 1010 2166 cuin
1048 2113 1149 2166 hac
1177 2112 1418 2167 secunda
1446 2111 1719 2167 sententia
1753 2129 1903 2168 com-
1976 2131 1991 2141 ⁷
