2340 4062
272 391 281 402 ἰ
370 331 430 378 86
1037 323 1338 372 TRACTATUS
1368 322 1435 370 DE
1465 324 1614 371 PAPA.

370 437 547 514 igitur
575 438 643 494 de
665 438 934 512 potestate
956 433 1016 488 in
1047 430 1492 507 temporalibus:
1527 432 1678 507 quod
1701 450 1764 490 ea
1797 432 1870 488 sit
1893 434 1954 490 in
1972 435 2136 511 Papa,
2165 452 2280 492 non
2338 482 2340 486 .

375 539 578 612 opiniO,
604 535 699 592 sed
730 532 983 590 certitudo
1020 530 1171 607 apud
1195 532 1501 590 catholicos
1526 537 1628 601 est3
1660 531 1915 606 quamvis
1951 549 2063 589 non
2094 533 2281 590 desint
2326 555 2331 557 ·

368 636 786 700 altercationeS‚
827 631 965 706 quid
1002 631 1076 687 sit
1108 636 1164 688 et
1190 631 1375 706 qualis
1399 650 1463 689 ea
1490 636 1754 707 potestas,
1785 630 1842 686 id
1869 636 1954 687 est
1986 649 2057 686 an
2083 633 2156 688 sit
2180 651 2282 708 per
2338 674 2340 679 .

367 753 428 793 se
463 740 519 791 et
558 731 785 807 proprie
824 731 1176 806 temporalis;
1213 750 1284 788 an
1322 732 1511 807 potius
1554 732 1674 807 ipsa
1710 730 1938 805 quidem
1972 730 2282 806 spiritualis

364 832 457 902 sit,
494 830 591 887 sed
623 848 725 904 per
746 830 1051 904 quamdam
1087 830 1462 888 necessariam
1502 829 1966 904 consequentiam
2008 835 2064 886 et
2098 829 2158 885 in
2202 848 2284 886 or·

365 929 494 986 dine
518 930 587 985 ad
612 930 948 1005 spiritualia,
975 931 1043 986 de
1067 931 1473 1006 temporalibus
1491 931 1769 1006 disponat.
1795 930 1975 994 Quare
1996 948 2111 987 non
2136 935 2285 988 recte

366 1029 580 1103 colligit
624 1029 910 1087 Barclaius
948 1030 1084 1087 dum
1122 1031 1202 1088 sic
1238 1031 1607 1088 ratiocinatur
1640 1054 1651 1085 :
1690 1031 1960 1089 dissensio
2003 1036 2086 1088 est
2137 1030 2284 1087 inter

365 1130 655 1204 theologos
686 1136 740 1187 et
762 1131 1102 1203 canonistaS,
1131 1132 1267 1188 dum
1295 1131 1355 1187 hi
1387 1131 1683 1203 directam,
1715 1131 1801 1188 illi
1830 1132 2160 1188 indirectam
2186 1148 2285 1205 po-

365 1234 631 1288 testatem
659 1231 977 1304 adstruunt,
995 1250 1126 1306 ergo
1154 1232 1387 1306 quaestio
1416 1231 1486 1288 de
1510 1233 1805 1308 temporali
1831 1236 2101 1307 potestate
2128 1231 2286 1304 Papae

368 1327 536 1384 dubia
577 1334 632 1385 et
687 1329 899 1387 incerta
940 1348 1003 1386 ac
1042 1335 1155 1386 tota
1207 1330 1266 1386 in
1307 1330 1568 1406 opinione
1609 1330 1908 1387 hominum
1952 1330 2133 1404 posita
2175 1332 2281 1385 est.

374 1426 506 1484 Esse
535 1432 723 1484 autem
751 1447 870 1484 rem
895 1437 1090 1486 certam
1116 1438 1166 1486 et
1192 1429 1542 1503 emploratam,
1573 1447 1737 1504 posse
1754 1429 2075 1485 Pontificem
2110 1426 2288 1483 maxi—

369 1542 552 1597 mum,
568 1526 726 1598 justis
746 1527 810 1582 de
835 1530 1028 1598 causis,
1058 1529 1122 1583 cle
1153 1527 1522 1600 temporalibus
1541 1527 1782 1599 judicare
1808 1533 1963 1598 atque
1986 1528 2128 1598 ipsos
2158 1530 2286 1578 tem-

360 1626 577 1699 porales
611 1630 877 1701 principes
905 1627 1188 1700 aliqnando
1221 1628 1501 1701 deponere,
1528 1626 1835 1701 probamus
1863 1624 1940 1690 1⁰,
1970 1627 2078 1679 etc.
2103 1643 2131 1674 »
2167 1621 2286 1694 (De-

365 1727 534 1798 fensio
578 1710 761 1783 contra
799 1728 1120 1796 Barclaium,
1157 1746 1212 1802 p.
1243 1747 1329 1782 xm
1364 1732 1417 1783 et
1447 1747 1548 1797 xw,
1584 1723 1723 1782 editi
1757 1722 2071 1791 Mediolani,
2109 1721 2280 1787 1621,

367 1828 411 1879 t.
451 1823 519 1898 I.)
561 1824 790 1900 Colligat
830 1827 1001 1883 lector
1028 1845 1196 1900 quam
1239 1826 1514 1900 perditam
1551 1843 1777 1882 causam
1811 1826 2115 1897 propugnet
2154 1819 2285 1874 Bos-

370 1923 604 1994 suetiuS,
627 1924 725 1997 qui
752 1925 812 1979 in
844 1924 964 1998 ejus
991 1924 1391 2000 patrocinium,
1416 1943 1529 1981 non
1559 1923 1716 1980 aliud
1744 1923 1950 1978 melius
1976 1920 2282 1996 reperiens,

366 2020 641 2076 absonum
672 2022 1000 2079 heterodoxi
1041 2022 1273 2079 Barclaii
1311 2022 1668 2080 ratiocinium
1705 2020 1964 2092 retexuit,
2003 2026 2058 2075 et
2097 2019 2286 2075 docto-

367 2137 497 2175 rum
527 2121 729 2177 scholae
770 2124 1099 2178 consensioni
1140 2122 1400 2198 opposuit
1442 2120 1867 2186 Bellarminum‚
1906 2137 2035 2175 eum
2075 2117 2287 2174 scilicet

366 2220 465 2294 qui
493 2239 558 2276 ex
586 2223 835 2296 professo
861 2228 1198 2296 protestatur
1228 2241 1256 2277 a
1286 2240 1343 2278 se
1370 2226 1637 2294 tanquam
1666 2226 1878 2276 certum
1903 2224 1955 2274 et
1978 2218 2284 2274 tenendum

367 2319 589 2376 defendi
616 2323 669 2376 id
698 2329 901 2377 tantum
927 2324 983 2375 in
1006 2340 1104 2393 qno
1133 2322 1374 2377 catholici
1401 2339 1579 2376 omnes
1608 2307 1938 2376 conveniunt.
1965 2319 2072 2374 Nec
2100 2318 2286 2374 minus

251 2469 255 2472 Α
361 2419 568 2474 falsum
608 2426 695 2476 est
732 2439 762 2476 a
804 2423 1065 2476 communi
1102 2420 1392 2478 doctorum
1432 2420 1635 2477 scholae
1672 2419 1948 2476 sententia
1985 2417 2285 2474 recessisse

364 2517 715 2575 Cardinalem
738 2519 817 2574 Du
846 2519 1075 2575 Perron.
1109 2519 1262 2584 Quod
1286 2520 1447 2576 facile
1473 2526 1830 2594 perspectum
1858 2517 2087 2573 habebit
2109 2517 2284 2573 lector

364 2617 559 2673 eadem
591 2617 919 2691 applicando
946 2637 1068 2693 quae
1095 2619 1161 2675 de
1186 2618 1528 2675 Bellarmino
1553 2617 1961 2674 adnotavimus.

447 2714 674 2789 Objectio
710 2717 783 2773 2³.
827 2751 896 2758 —
945 2717 1033 2774 Sic
1071 2717 1324 2774 contrahi
1372 2723 1597 2793 potest:
1645 2717 1902 2774 Ecclesiae
1944 2719 2179 2790 potestas
2224 2713 2285 2769 in

368 2830 490 2869 rem
511 2814 878 2888 temporalem
904 2820 1154 2872 statuum
1174 2834 1204 2871 a
1225 2816 1468 2872 doctoris
1494 2815 1693 2872 scholae
1721 2818 2107 2889 propugnatur
2130 2811 2286 2867 dum-

374 2916 524 2969 taxat
549 2918 819 2987 tanquam
849 2917 1024 2987 opinio
1039 2938 1057 2982 ;
1086 2914 1242 2988 atqui
1268 2933 1438 2971 merae
1463 2914 1756 2989 opiniones
1790 2912 1998 2969 scholae
2023 2911 2137 2967 vim
2160 2927 2286 2984 pro·-

374 3011 545 3069 bandi
577 3031 689 3070 non
715 3015 949 3083 habent;
982 3034 1110 3090 ergo
1142 3015 1290 3073 dicta
1319 3015 1578 3073 Ecclesiae
1602 3005 1841 3089 potestas
1866 3010 2065 3067 deduci
2091 3007 2287 3083 nequit

380 3129 447 3168 ex
473 3113 733 3170 unanimi
769 3115 1053 3172 doctorum
1089 3117 1294 3173 scholae
1322 3114 1620 3174 sententia.
1652 3147 1720 3157 --
1749 3113 1828 3167 En
1854 3111 1974 3185 ipsa
2007 3107 2285 3166 Bossuetii

367 3211 538 3269 verba
570 3235 581 3267 :
621 3235 648 3266 α
679 3213 800 3269 Jam
827 3232 958 3288 ergo
986 3216 1316 3272 meminisse
1350 3233 1452 3271 nos
1484 3217 1703 3289 oportet
1743 3209 2034 3286 opiniones
2060 3209 2282 3280 scholae,

375 3316 651 3386 quantum
678 3329 709 3367 a
740 3313 946 3370 scholae
976 3313 1217 3372 decretis
1253 3311 1642 3387 dogmatisque
1674 3291 1959 3378 differant,
1992 3307 2286 3364 Melchiore

369 3408 518 3466 Cano
554 3414 716 3467 teste.
759 3410 834 3468 Eo
880 3430 1125 3487 namque
1166 3418 1419 3479 auctore,
1470 3409 1633 3466 nobis
1687 3413 1772 3466 est
1820 3408 2105 3482 integrum
2147 3412 2210 3462 ut
2254 3423 2287 3461 a

385 3508 591 3566 scholae
628 3508 989 3584 opinionibus
1024 3512 1206 3569 libere
1236 3510 1565 3568 recedamus
1590 3554 1603 3579 ,
1648 3507 1842 3582 eisque
1880 3513 2287 3580 anteponamus

385 3605 664 3681 majorum
689 3607 966 3682 dogmata,
1004 3628 1146 3684 quae,
1184 3609 1379 3666 eodem
1405 3608 1546 3664 Cano
1573 3613 1738 3677 teste,
1767 3606 1944 3662 multo
1977 3603 2290 3661 illustriora

384 3705 745 3781 firmioraque
786 3705 918 3763 sint.
973 3707 1124 3764 Idem
1174 3706 1437 3764 Melchior
1478 3706 1657 3763 Canus
1704 3706 1922 3764 decreta
1978 3721 2041 3760 ac
2087 3702 2288 3776 placita
