2352 4126
306 418 362 463 58
977 413 1275 462 TRACTATUS
1306 402 1372 459 ni:
1403 412 1552 459 PAPA.

305 531 548 599 potestas
574 531 658 581 est
696 525 802 581 sibi
840 523 1024 580 solum
1065 521 1125 576 in
1167 519 1550 578 ministerium
1597 520 1746 577 data.
1792 520 1858 577 Et
1897 522 1944 578 si
1977 523 2224 582 inveniat

306 625 434 699 quis
470 625 691 699 aliquos
729 624 1100 698 imperatores
1127 620 1346 679 dedisse
1389 621 1578 696 aliqua
1614 621 1943 696 temporalia
1986 626 2227 682 summis

300 722 686 786 Pontificibus,
726 721 872 776 sicut
899 719 1295 776 Constantinus
1337 718 1492 777 dedit
1527 720 1826 796 sylvestro,
1861 720 1963 778 hoc
1998 740 2110 778 non
2142 730 2225 780 est

303 818 737 891 intelligendum
777 835 869 873 eos
900 818 1034 874 dare
1075 818 1225 892 quod
1266 837 1436 874 suum
1475 823 1578 886 est,
1615 817 1713 874 sed
1747 818 2043 875 restituere
2077 821 2225 893 quod

301 919 507 988 injuste
537 921 591 972 et
628 916 919 991 tyrannice
949 917 1206 973 ablatum
1237 924 1341 974 est.
1383 917 1591 973 Eodem
1634 917 1822 988 mode,
1853 917 1900 973 si
1930 917 2075 991 legat
2099 920 2225 993 quis

299 1016 518 1090 aliquos
550 1034 807 1072 summos
834 1015 1124 1073 Pontifices
1163 1017 1296 1073 dare
1337 1017 1485 1072 bona
1519 1017 1848 1092 temporalia
1875 1017 2226 1092 imperatori-

296 1115 403 1171 bus
431 1121 484 1172 et
526 1116 780 1190 regibuS,
825 1117 928 1173 hoc
962 1135 1076 1172 non
1107 1122 1190 1173 est
1227 1115 1661 1189 intelligendum
1700 1135 1794 1173 eos
1820 1117 2002 1173 facere
2047 1118 2106 1173 in
2134 1118 2229 1174 do-

299 1214 463 1270 minii
508 1215 972 1289 recognitionem,
1014 1217 1108 1272 sed
1147 1215 1323 1290 magis
1355 1215 1413 1270 in
1455 1214 1609 1289 pacis
1664 1215 2054 1272 ecclesiasticae
2097 1235 2226 1273 con-

297 1314 691 1383 servationem;
726 1316 858 1390 quia
896 1334 1123 1372 servum
1147 1315 1239 1372 Dei
1272 1333 1387 1371 non
1424 1320 1642 1389 oportet
1666 1315 1908 1388 litigare,
1943 1317 2039 1372 sed
2068 1335 2225 1371 man-

301 1418 526 1470 suetum
566 1433 688 1470 esse
730 1415 799 1470 ad
845 1433 1060 1471 omnes.
1104 1448 1171 1455 —
1207 1414 1392 1470 Tertio
1438 1414 1518 1470 sic
1554 1435 1565 1466 z
1614 1413 1708 1468 illa
1752 1419 1993 1488 potestas
2037 1422 2119 1470 est
2164 1415 2223 1469 in

302 1512 683 1568 ministerium
714 1513 841 1569 data
874 1514 1056 1582 alteri,
1103 1531 1226 1587 quae
1267 1518 1350 1569 est
1381 1512 1737 1586 subdelegata
1776 1518 2036 1587 respectu
2077 1513 2220 1586 ejuS.

301 1610 402 1666 Sed
445 1612 632 1667 omnis
673 1619 917 1686 potestas
958 1613 1367 1686 imperatorum
1406 1617 1460 1668 et
1495 1630 1697 1685 regum
1741 1618 1824 1668 est
1864 1612 2222 1684 subdelegata

300 1715 554 1784 respectu
584 1711 876 1785 potestatis
903 1711 1079 1785 Papte.
1108 1711 1245 1766 Nam
1279 1711 1363 1784 (ut
1393 1710 1601 1766 dieitur
1629 1710 1712 1780 XI,
1746 1729 1800 1783 q.
1834 1730 1870 1777 1,
1901 1729 1950 1766 c.
1982 1709 2225 1776 Quicum-

300 1829 397 1883 que
429 1810 569 1866 litem
603 1813 815 1884 habens)
859 1811 1092 1867 cuilibet
1119 1810 1341 1866 licitum
1373 1815 1458 1866 est
1487 1815 1849 1883 sacrosanctae
1879 1809 2024 1864 sedis
2051 1808 2225 1864 antis-

298 1908 415 1967 titis
451 1909 730 1982 judiciuin
761 1910 988 1982 eligere.
1033 1910 1170 1982 Ergo
1204 1908 1389 1964 omnis
1432 1912 1674 1982 potestas
1718 1907 2002 1963 saecularis
2036 1912 2119 1963 est
2165 1908 2224 1962 in

299 2008 679 2064 ministerium
715 2009 841 2064 data
876 2008 1133 2083 potestati
1176 2007 1578 2082 spirituali.——
1604 2005 1810 2070 Quarto
1846 2006 1926 2062 sic
1955 2029 1962 2058 :
1998 2007 2095 2062 illa
2131 2026 2228 2081 po-

298 2112 467 2163 testas
504 2113 588 2162 est
631 2108 690 2162 in
723 2107 1105 2163 ministerium
1145 2107 1270 2162 data
1304 2107 1490 2172 alteri,
1529 2124 1652 2179 quae
1690 2110 1773 2161 est
1806 2106 2215 2178 restringenda,

299 2206 623 2280 amplianda
655 2212 709 2262 et
738 2206 1056 2263 executioni
1087 2205 1404 2260 mandanda
1428 2204 1496 2258 ad
1520 2203 1826 2276 imperium
1848 2202 2003 2258 illius
2021 2203 2110 2258 cui
2141 2208 2223 2259 est

301 2303 360 2357 in
389 2302 772 2358 ministerium
805 2303 949 2357 data.
983 2301 1087 2358 Sed
1122 2301 1251 2357 talis
1300 2307 1383 2356 est
1426 2300 1610 2356 omnis
1636 2304 1877 2374 potestas
1913 2300 2217 2356 saecularis.

301 2400 438 2455 Dicit
475 2400 629 2455 enim
655 2399 1045 2455 BernarduS...
1080 2399 1326 2454 Potestas
1355 2416 1484 2470 ergo
1513 2397 1924 2470 jurisdictionis
1962 2399 2223 2472 spiritua-

303 2500 446 2555 lium
487 2504 542 2555 et
584 2499 985 2573 temporalium
1030 2498 1338 2553 immediata
1380 2502 1464 2553 est
1504 2497 1562 2552 in
1605 2497 1722 2553 solo
1761 2497 1921 2571 Papa.
1967 2497 2222 2553 Derivata

302 2616 432 2654 vero
475 2603 562 2654 est
598 2598 658 2652 in
698 2598 964 2653 omnibus
1001 2596 1287 2672 Episcopis
1314 2602 1369 2653 et
1406 2596 1671 2652 PraelatiS.
1717 2596 1821 2652 Sed
1867 2596 1925 2651 in
1956 2597 2220 2652 omnibus

305 2698 670 2754 soecularibus
707 2703 761 2753 et
785 2698 1140 2772 principibus
1169 2705 1246 2753 est
1279 2700 1331 2752 in
1355 2700 1703 2754 ministerium
1736 2698 1880 2753 data.
1912 2699 1974 2753 Et
1999 2698 2103 2753 ista
2138 2703 2222 2753 est

304 2797 591 2853 conclusio
620 2816 790 2871 quam
820 2815 971 2852 nunc
999 2797 1067 2852 ad
1102 2815 1344 2870 praesens
1384 2802 1545 2854 teneo
1588 2797 1655 2853 de
1690 2796 2017 2871 quaestione.
2049 2796 2221 2851 —Ad

304 2895 555 2969 primum
595 2914 746 2951 nunc
783 2913 914 2968 ergo
943 2895 1320 2951 dicendum...
1345 2929 1421 2936 —
1447 2896 1526 2951 Ad
1569 2896 1882 2952 secundum
1919 2902 2003 2951 est
2039 2896 2227 2951 dicen-

225 3046 231 3053 .
305 2994 441 3049 dum
473 2994 622 3067 quod
650 3011 846 3049 verum
874 2999 957 3050 est
983 2999 1315 3068 potestatem
1346 2994 1696 3069 imperialem
1731 3013 1853 3051 esse
1878 3013 1907 3050 a
1935 2996 2059 3059 De0,
2091 2994 2221 3066 quia

305 3110 418 3148 non
443 3097 524 3148 est
549 3111 578 3147 a
606 3095 745 3166 Papa
772 3096 835 3147 ut
866 3098 946 3148 est
976 3093 1166 3159 homo,
1204 3093 1299 3149 sed
1323 3111 1352 3148 a
1375 3093 1515 3167 Papa
1542 3099 1606 3148 ut
1640 3093 1782 3166 gerit
1811 3092 1991 3147 vicem
2019 3090 2221 3145 Christi

305 3193 364 3247 in
398 3198 567 3258 terra,
597 3193 694 3266 qui
740 3191 848 3246 fuit
889 3210 1055 3248 verus
1091 3193 1236 3248 Deus
1274 3197 1327 3249 et
1358 3210 1526 3249 verus
1565 3193 1755 3247 homo.
1788 3224 1858 3232 —
1883 3191 1962 3246 Ad
1989 3190 2219 3246 tertium

306 3295 390 3347 est
419 3291 721 3346 dicendum
762 3291 911 3364 quod
951 3291 1230 3364 praedictae
1263 3295 1560 3365 potestates
1598 3277 1738 3346 sunt*
1763 3289 2058 3355 distinctae,
2089 3289 2220 3362 quia

306 3408 419 3446 non
445 3390 785 3446 conveniunt
818 3389 918 3444 uni
941 3391 1137 3446 eodem
1169 3390 1356 3449 modo,
1378 3389 1516 3454 Quia
1547 3395 1791 3464 potestas
1810 3387 2219 3463 jurisdictionis

309 3488 688 3562 spiritualium
729 3487 989 3543 convenit
1025 3488 1182 3561 Papae
1220 3487 1534 3543 secundum
1573 3487 1956 3543 immediatam
1998 3486 2226 3541 institu-

306 3587 520 3643 tionem
556 3592 610 3643 et
639 3586 1046 3642 executionem.
1088 3585 1193 3642 Sed
1231 3590 1470 3660 potestas
1496 3586 1908 3660 jurisdictionis
1947 3592 2222 3658 tempora-

308 3685 452 3742 lium
481 3684 740 3742 convenit
774 3684 881 3740 sibi
922 3683 1235 3740 secundum
1274 3683 1688 3740 institutionem
1724 3683 2214 3753 etauctoritatem,

309 3803 422 3840 non
451 3792 639 3842 tamen
665 3784 978 3841 secundum
1005 3782 1390 3841 immediatam
1421 3783 1828 3855 executionem,
1858 3781 1966 3852 nisi
1991 3779 2132 3835 forte
2161 3779 2220 3834 in
