2340 4062
934 292 1065 340 PARS
1094 290 1315 345 QUARTA.
2012 289 2067 336 ’Π

185 405 374 474 fixerit,
405 403 540 459 mihi
585 401 869 477 probabile
907 406 1019 468 est;
1065 399 1161 456 sed
1194 396 1477 454 brevitatis
1506 413 1673 452 causa
1710 395 1800 451 hic
1833 413 1943 452 non
1984 413 2075 453 ex·

187 503 388 579 pendo.

239 683 266 734 S
289 681 354 723 14.
371 701 424 711 —
447 681 492 721 In
516 678 610 720 aliis
629 681 780 730 praeter
800 674 973 716 Galliam
992 674 1248 726 regionibus,
1270 673 1487 715 unanimis
1514 672 1673 725 pariter
1690 672 1775 713 fuit
1799 671 2021 713 doctorum

320 747 471 790 scholae
495 755 721 786 consensus
739 743 789 783 de
809 740 1002 784 Ecclesiae
1024 746 1231 794 potestate
1258 742 1303 783 in
1323 754 1417 782 rem
1442 741 1715 794 temporalem
1740 744 1941 781 statuum.

263 884 377 941 Huc
403 898 579 954 usque
607 877 938 934 adduximus
963 877 1244 934 dumtaxat
1278 878 1532 933 doctores
1557 876 1763 944 Gallos,
1789 874 1874 931 vel
1897 875 1992 949 qui
2017 874 2075 930 in

186 979 380 1040 Galliis
420 978 725 1033 docuerunt
758 979 852 1030 aut
891 972 1232 1029 studuerunt
1261 978 1314 1028 et
1340 972 1606 1043 gradibus
1639 970 1967 1027 academicis
1991 969 2075 1024 in-

187 1076 377 1152 signiti
421 1080 584 1137 sunt;
629 1078 684 1129 et
719 1071 960 1127 vidimus
1012 1070 1382 1125 indubitatam
1432 1067 1564 1141 ipsis
1615 1067 1785 1123 fuisse
1829 1067 2074 1141 aliquam

188 1171 438 1230 Ecclesiae
481 1173 803 1244 potestatem
841 1167 900 1221 in
932 1183 1052 1222 rem
1095 1164 1459 1239 temporalem
1504 1163 1840 1236 Principum.
1885 1162 2074 1226 Quoad

184 1271 321 1327 alias
348 1270 618 1335 nationeS,
635 1272 819 1322 certus
835 1265 1041 1340 pariter
1057 1263 1114 1319 in
1131 1263 1381 1319 eamdem
1404 1260 1712 1316 doctrinam
1739 1276 2070 1315 consensus.

183 1369 342 1435 Quod
365 1369 537 1423 lector
563 1368 911 1438 compertum
932 1361 1138 1418 habere
1160 1361 1361 1435 poterit
1386 1359 1593 1433 duplici
1618 1358 1781 1413 modo
1805 1378 1817 1410 ε

267 1469 320 1524 1⁰
356 1464 722 1537 Quamplures
757 1469 808 1518 et
833 1460 1140 1536 praecipuos
1165 1477 1230 1516 ex
1259 1474 1596 1531 unaquaque
1622 1456 1845 1512 natione
1883 1455 2076 1512 citatos

187 1564 372 1619 videre
395 1563 573 1636 po'test
617 1559 760 1633 apud
791 1558 1191 1616 Bellarminum
1230 1557 1496 1630 (Defensio
1538 1562 1720 1611 contra
1748 1553 2073 1623 Barclaimn,

184 1678 309 1733 quae
333 1659 576 1714 defensio
613 1656 888 1730 reperitur
919 1655 1076 1711 initio
1103 1654 1269 1729 primi
1295 1653 1430 1710 tomi
1462 1653 1519 1708 in
1552 1653 1791 1708 editione
1818 1650 2075 1706 Mediola-

191 1756 347 1811 nensi
371 1755 538 1824 1721,
568 1760 620 1809 et
648 1754 806 1808 initio
831 1752 966 1807 tomi
988 1752 1025 1806 V
1052 1754 1109 1808 in
1139 1752 1378 1809 editione
1397 1752 1596 1808 Veneta
1622 1750 1870 1824 ejusdem
1892 1749 2071 1821 anni).

191 1850 326 1907 Item
357 1851 499 1924 apud
532 1849 811 1904 Schulken
841 1848 1122 1921 (Apologia
1156 1849 1496 1911 Bellarmini‚
1534 1849 1591 1902 in
1629 1849 1952 1903 collectione
1989 1845 2077 1900 Bi-

191 1948 439 2002 bliotheca
468 1948 697 2001 maxima
729 1945 1024 2016 Pontificia,
1061 1952 1098 1999 t.
1132 1944 1204 2014 ll,
1242 1964 1297 2018 p.
1330 1946 1446 2014 12).
1482 1944 1616 1999 Item
1649 1944 1795 2016 apud
1818 1943 2073 1999 Bzovium

186 2044 456 2118 (Pontifex
492 2043 777 2111 Romanam,
806 2059 923 2113 cap.
957 2042 1111 2113 vai).
1142 2041 1203 2095 Et
1245 2020 1415 2096 simul
1442 2040 1610 2096 iidem
1646 2040 1946 2112 scriptores
1973 2046 2077 2095 tes-

187 2143 371 2193 tantur
395 2137 613 2191 nullum
651 2136 811 2191 ullibi
841 2136 1073 2208 reperiri
1101 2136 1383 2192 doctorem
1417 2136 1754 2192 catholicum
1790 2135 1887 2208 qui
1917 2135 2075 2191 aliter

184 2232 437 2301 senserit,
468 2236 595 2287 ante
619 2231 879 2286 saeculum
905 2230 1180 2286 decimum
1210 2233 1531 2305 septimum.

259 2330 314 2384 2⁰
338 2330 404 2383 At
429 2327 743 2383 necessaria
772 2344 882 2382 non
902 2333 982 2382 est
1007 2327 1167 2401 longa
1196 2328 1286 2382 illa
1315 2328 1614 2400 indagatio,
1651 2328 1788 2383 Satis
1815 2336 1896 2384 est
1931 2346 2072 2402 saepe

180 2429 384 2501 saepius
416 2432 731 2501 provocatos
759 2425 931 2481 fuisse
965 2426 1332 2492 adversarioS‚
1370 2432 1430 2480 ut
1466 2427 1548 2481 vel
1571 2444 1750 2481 unum
1777 2426 2070 2481 contrariae

183 2524 462 2598 opinionis
506 2524 779 2579 doctorem
818 2523 1151 2579 catholicum
1189 2523 1445 2593 citarent,
1479 2541 1581 2579 nec
1607 2523 1853 2597 potuisse
1887 2522 2068 2579 ullum

182 2622 452 2695 proferre.
953 2636 955 2638 ·

260 2718 522 2774 Caeterum
559 2717 855 2775 cardinalis
887 2719 967 2774 Du
1000 2720 1204 2775 Perron
1241 2719 1449 2776 dictum
1477 2738 1834 2794 consensum,
1863 2727 1926 2776 ut
1958 2723 2067 2778 sac-

184 2821 306 2869 tum
345 2813 730 2870 inconcussum
756 2815 975 2888 publice
1014 2815 1249 2872 asseruit
1290 2817 1348 2871 in
1374 2817 1613 2873 comitiis
1649 2818 1782 2872 anni
1815 2818 1983 2886 1615,
2010 2818 2067 2872 in

185 2912 334 2968 hunc
367 2913 592 2967 modum
623 2935 634 2966 :
674 2934 699 2964 «
728 2913 928 2970 Toutes
960 2914 1040 2970 les
1077 2919 1261 2970 autres
1297 2916 1500 2989 parties
1539 2917 1606 2972 de
1636 2906 1879 2989 l'Eglise,
1916 2916 2067 2971 voire

181 3010 362 3062 meme
381 3012 529 3062 toute
557 2996 776 3078 l'Eglise
805 3007 1096 3080 gallicane,
1122 3009 1317 3082 depuis
1335 3029 1440 3083 que
1467 3010 1545 3066 les
1568 3012 1744 3067 ecoles
1769 3011 1835 3066 de
1861 3011 2068 3067 theolo-

183 3102 268 3174 gie
291 3123 324 3177 γ
357 3110 450 3160 ont
478 3106 563 3160 ete
599 3103 892 3162 instituees
919 3105 1143 3179 jusqu'a
1176 3108 1229 3162 la
1269 3126 1446 3164 venue
1481 3109 1547 3165 de
1582 3110 1790 3178 Calvin,
1818 3110 2066 3165 tiennent

185 3197 561 3267 l'alfirmative,
597 3201 626 3253 a
663 3199 842 3255 savoir
883 3218 990 3274 que
1025 3202 1209 3272 quand
1246 3220 1322 3256 un
1368 3203 1659 3274 Prince...,
1697 3223 1757 3260 ce
1796 3203 2065 3258 Princo-la

186 3298 314 3364 peut
334 3299 447 3350 etre
480 3295 655 3351 dechu
681 3296 748 3352 de
774 3314 860 3351 ses
885 3297 1132 3353 droits...
1163 3303 1216 3353 et
1237 3316 1325 3354 ses
1352 3301 1526 3372 sujets
1554 3306 1671 3356 etre
1688 3302 1963 3357 absouS...
1987 3297 2062 3351 du

186 3396 426 3445 serment
456 3391 521 3447 de
544 3391 821 3448 fidente...
841 3401 895 3449 et
913 3411 1037 3468 que,
1076 3411 1138 3449 ce
1163 3395 1328 3450 cas-la
1361 3397 1629 3467 arrivant,
1652 3399 1787 3452 c'est
1807 3399 1835 3450 a
1866 3395 2062 3448 l'auto-

185 3481 291 3537 rite
313 3482 378 3538 de
402 3476 637 3558 l'Eglise‚
673 3492 775 3544 etc.
810 3509 838 3541 >›
862 3489 1191 3564 (Harangue,
1224 3509 1281 3565 p.
1317 3492 1409 3558 12,
1433 3493 1565 3550 edit.
1605 3495 1671 3549 de
1693 3491 1842 3547 Paris
1865 3488 2057 3559 1615.)

262 3597 290 3630 ι(
325 3578 469 3636 Tous
499 3581 579 3637 les
615 3583 869 3641 docteurs
903 3587 999 3659 qui
1029 3591 1121 3643 ont
1147 3590 1233 3644 ete
1264 3606 1332 3645 en
1373 3589 1576 3645 France
1603 3587 1797 3661 depuis
1833 3602 1940 3656 que
1979 3584 2059 3641 les
