2340 3990
361 412 449 460 524
991 479 1002 488 .
1029 409 1326 457 TRACTATt'S
1357 409 1424 456 DE
1453 410 1601 458 PAPA.
2041 475 2044 478 ,

359 520 512 578 licite
537 537 638 575 nec
675 516 853 573 valide
888 533 1145 573 exercere
1178 517 1418 592 possint,
1449 517 1633 576 dictus
1659 520 2123 594 metropolitanus
2146 526 2270 583 nul-

359 619 480 675 lum
509 617 589 674 eis
630 632 818 671 revera
854 615 948 686 jus
988 633 1089 690 per
1125 621 1459 690 praetensam
1490 636 1648 674 suam
1688 617 2103 676 institutionem
2144 640 2299 686 cons

358 719 549 774 ferret.
575 717 630 772 2⁰
649 715 806 772 Esset
827 714 1278 787 schismaticum,
1301 721 1494 791 utpote
1522 736 1632 792 quo
1659 717 1763 774 iste
1785 718 2266 796 metropolitanuS,

356 834 576 873 necnon
599 814 854 891 Episcopi
882 814 951 870 ab
979 814 1101 890 ipso
1132 814 1401 886 instituti,
1429 816 1497 872 ab
1529 816 1844 873 obedientia
1870 818 2106 874 Romani
2137 819 2271 877 Pon-

354 915 542 985 tificis,
563 920 731 990 atque
748 916 884 972 adeo
908 915 977 972 ab
998 914 1297 988 regiminis
1311 914 1527 972 unitate
1546 933 1666 972 sese
1683 921 2022 974 resecarent.
2045 916 2101 972 5⁰
2118 917 2272 977 Esset

354 1014 412 1070 in
449 1014 726 1089 principio
759 1032 861 1071 suo
897 1014 1025 1071 fidei
1067 1014 1382 1071 adversum.
1428 1013 1709 1070 Niteretur
1752 1015 1959 1090 quippe
1996 1015 2270 1091 principio

355 1113 460 1170 hoc
493 1134 503 1166 :
538 1131 702 1187 posse
732 1113 983 1186 legitime
1017 1111 1280 1170 constitui
1313 1112 1611 1188 Episcopos
1638 1113 1849 1187 absque
1874 1096 2110 1169 Romani
2137 1114 2271 1171 Pon-

351 1213 518 1269 tificis
553 1214 906 1287 auctoritate,
934 1230 998 1268 ac
1031 1212 1152 1287 ipso
1189 1212 1358 1268 etiam
1403 1211 1597 1268 invito.
1643 1212 1759 1277 Quo
1794 1212 1968 1268 semel
2002 1212 2264 1282 admiSSO‚
2294 1228 2298 1230 ’

352 1320 542 1370 actum
571 1319 677 1382 est,
722 1317 786 1368 ut
811 1317 980 1386 patet,
1019 1312 1086 1368 de
1118 1311 1383 1386 pluribus
1411 1310 1536 1368 fidei
1564 1311 1836 1377 articulis,
1878 1311 2034 1367 verbi
2070 1311 2264 1385 gratia,
2300 1334 2302 1338 ’

348 1413 417 1469 de
446 1412 692 1488 primatu
715 1410 1150 1484 jurisdictionis,
1183 1416 1237 1466 et
1267 1411 1335 1467 de
1365 1412 1528 1484 plena
1555 1410 1833 1467 Pontificis
1855 1417 2123 1484 potestate
2150 1429 2270 1485 pas·
2302 1408 2307 1462 Ϊ

350 1511 535 1576 cendi,
573 1509 803 1585 regendi
842 1529 905 1567 ac
940 1510 1294 1584 gubernandi
1339 1510 1716 1568 universalem
1754 1510 2080 1567 Ecclesiam.
2114 1511 2303 1576 Quod·

344 1619 533 1667 autem
576 1609 789 1665 dictum
833 1614 916 1666 est
942 1609 1007 1665 de
1035 1610 1488 1684 metropolitano,
1530 1610 1833 1666 dicendum
1864 1615 1918 1666 et
1955 1610 2020 1667 dc
2057 1612 2266 1688 synodo

345 1707 842 1781 metropolitanum
882 1707 1234 1774 instituente,
1264 1712 1327 1763 ut
1355 1713 1522 1783 patet.

420 1807 770 1863 Corollarium
797 1807 856 1863 ΙΙ
885 1825 948 1863 ex
994 1809 1175 1863 eadem
1210 1811 1568 1882 praeroqativa
1596 1808 1691 1865 IX.
1713 1809 1943 1883 —Ergo
1976 1809 2181 1866 intrusi
2207 1828 2268 1868 36

349 1905 698 1962 schismatici
725 1907 908 1963 forent
938 1907 1219 1982 Episcopi,
1251 1908 1348 1982 qui
1375 1914 1570 1964 contra
1595 1908 1833 1964 Romani
1869 1909 2150 1967 Pontificis
2177 1911 2267 1968 de·

347 2013 496 2063 creta
530 2013 584 2063 et
613 2008 732 2081 juS‚
766 2027 867 2064 seu
895 2010 1111 2082 absque
1145 2008 1323 2082 ipsius
1362 2008 1741 2076 concessione,
1782 2009 1940 2065 electi
1977 2029 2038 2066 ac
2074 2010 2268 2067 contir-
2331 2015 2333 2017 ’

379 2108 611 2177 mati,ad
650 2109 838 2183 ipsum
869 2109 1226 2165 solummodo
1266 2110 1555 2166 mitterent
1591 2108 1721 2165 fidei
1765 2109 2171 2184 professionem
2215 2114 2268 2166 et

351 2208 772 2264 communionis
797 2208 1112 2282 epistolam.
1142 2242 1207 2250 —
1229 2208 1314 2263 llli
1343 2208 1496 2264 enim
1524 2215 1653 2265 sunt
1680 2208 1884 2264 intrusi
1916 2227 1980 2265 ac
2006 2209 2268 2264 schisma·
2294 2222 2301 2275 ζ

347 2306 441 2362 tici
468 2308 564 2381 qui
593 2308 963 2383 episcopalem
992 2307 1447 2382 jurisdictionem
1473 2312 1727 2365 exercent
1750 2309 1764 2336 ¹
1796 2306 2053 2380 quamvis
2087 2325 2211 2362 eam
2236 2323 2267 2362 a

343 2408 486 2483 Papa
515 2427 627 2465 non
654 2408 990 2482 receperint,
1020 2426 1120 2463 nec
1136 2408 1203 2464 ab
1223 2408 1334 2463 alio
1358 2407 1606 2481 recipere
1624 2406 1925 2480 potuerint.
1949 2406 2116 2480 Atqui
2135 2406 2266 2462 tales

346 2514 527 2564 essent
551 2508 685 2564 dicti
713 2508 985 2583 Episcopi.
1016 2508 1257 2574 Etenim,
1293 2526 1358 2564 ex
1383 2506 1698 2582 hypothesi,
1730 2525 1990 2563 summus
2018 2505 2271 2562 Pontifex¹

350 2624 443 2662 eos
473 2609 718 2681 repellit,
752 2625 855 2663 nec
888 2614 1039 2664 extra
1075 2607 1264 2682 ipsum
1293 2606 1437 2663 alius
1470 2611 1623 2662 extat
1658 2606 1779 2662 sons
1818 2605 2153 2680 episcopalis
2179 2606 2265 2679 ju-

346 2705 713 2761 risdictionis.
741 2740 810 2746 —
831 2706 894 2761 Et
934 2708 1036 2763 hac
1067 2707 1132 2763 de
1172 2725 1336 2763 causa
1380 2724 1480 2780 pro
1524 2704 1896 2761 schismaticis
1929 2704 2104 2760 habiti
2135 2708 2271 2760 sunt

345 2803 600 2880 Episcopi
645 2804 967 2878 jansenistae
1017 2804 1439 2878 ultrajectenses
1490 2804 1557 2860 ab
1606 2821 1751 2859 anno
1798 2802 1974 2869 17253
2021 2802 2274 2877 itemque*
2331 2840 2333 2845 -

345 2900 608 2976 Episcopi
643 2901 1112 2958 Constitutionales
1141 2901 1346 2957 Galliae.

423 3002 783 3058 PnAEnocnivA
812 3004 891 3057 Xa.
918 3036 987 3043 —
1012 3002 1250 3058 Romano
1287 3002 1529 3073 Pontifici
1548 3001 1670 3073 jure
1698 3001 1872 3055 (livino
1900 3003 2145 3073 competit
2167 3015 2287 3074 1⁰⁰4*

351 3108 514 3158 testas
543 3101 830 3175 Episcopos
865 3104 1182 3175 deponendi,
1228 3121 1334 3157 non
1375 3109 1580 3156 tantum
1618 3102 1679 3156 ob
1720 3102 1933 3165 crimen,
1978 3100 2074 3155 secl
2107 3103 2280 3156 etiam*
2331 3112 2334 3116 ’

2319 3207 2324 3250 ἑ

2318 3256 2323 3269 δ

357 3200 551 3272 (stante
579 3202 819 3256 utilitatis
847 3192 1023 3274 causa)
1062 3202 1259 3257 nullius
1288 3201 1478 3256 delicti,
1501 3218 1640 3264 reos;
1684 3217 1744 3254 ac
1771 3217 1949 3254 omnes
1985 3200 2141 3255 simul
2169 3191 2282 3258 ali-²,1

2283 2627 2294 2636 a

2275 2903 2285 2925 ’τ

2332 2803 2340 3004 l

2321 3005 2338 3184 2:

351 3299 493 3372 cujus
519 3300 665 3369 requi
687 3301 965 3371 praesules,
992 3333 1060 3341 --
1080 3300 1153 3355 De
1179 3300 1282 3355 hac
1313 3298 1622 3372 quaestione
1656 3297 1779 3353 fuse
1809 3296 2184 3354 disseruimus
2204 3297 2284 3352 in*¹
2315 3297 2322 3364 1

348 3403 584 3458 tractatu
622 3398 686 3454 de
715 3398 997 3471 Episcopo,
1035 3403 1195 3472 parte
1232 3397 1418 3454 tertia.
1451 3395 1549 3452 Ubi
1582 3404 1735 3454 notet
1763 3397 1939 3453 lector
1971 3416 2096 3471 quae
2130 3394 2262 3453 dixi·

2253 3473 2274 3500 1.

402 3607 524 3662 ’mllio
535 3603 876 3659 Jurisdictionem
893 3602 1173 3656 episcopalem
1197 3613 1394 3644 vocamus
1417 3613 1512 3643 eam
1528 3603 1661 3643 solam
1681 3613 1776 3655 quae
1799 3602 1936 3643 valide
1953 3601 2143 3643 exerceri
2157 3610 2260 3655 poc-
2311 3644 2313 3662 ἶ

371 3681 433 3728 ιι,-
459 3682 509 3719 ut
541 3687 694 3728 nempe
719 3674 1014 3715 abstrahamus
1039 3672 1090 3712 ab
1115 3672 1315 3725 opinione
1344 3684 1439 3726 quae
1474 3676 1594 3713 tenet
1617 3683 1692 3724 per
1718 3671 2083 3712 consecrationem
2113 3669 2258 3710 imme·
2309 3707 2311 3709 ,

347 3744 460 3786 diate
488 3757 512 3785 a
549 3744 710 3785 Christo
744 3741 961 3795 Episcopis
988 3739 1173 3781 conferri
1207 3740 1381 3793 quidem
1402 3739 1772 3794 Jurisdictionem;
1809 3738 1884 3781 sed
1908 3751 2005 3792 quae
2029 3738 2121 3781 sine
2143 3737 2258 3788 Papae
2304 3727 2311 3788 1

345 3823 556 3854 consensu
583 3810 738 3854 nullibi
761 3808 897 3852 valide
914 3807 1049 3863 possit
1068 3808 1274 3850 exerceri.
