2340 3990
895 340 1024 390 PARS
1053 337 1254 394 QUlNTA.
1929 330 2015 377 517

151 458 314 515 Tanta
345 455 484 527 apud
515 470 595 509 me
633 458 707 507 est
733 449 1061 506 Nioaenorum
1087 458 1342 499 canonum
1367 438 1674 502 reverentia,
1715 441 1774 490 ut
1813 452 1876 490 ea
1901 450 2016 505 quae

145 562 266 609 sunt
303 571 335 607 a
370 552 564 606 sanctis
597 546 835 621 patribus
878 543 1178 609 constituta,
1218 555 1311 594 nec
1343 536 1670 610 permiserim
1713 549 1807 587 nec
1838 532 2018 603 patiar

150 653 327 723 aliqua
351 650 579 707 novitate
600 643 802 702 violari.
870 716 876 720 ἱ

226 770 252 801 «
281 747 398 803 Alia
436 749 615 801 autem
647 740 786 796 ratio
819 738 1053 793 maxime
1084 736 1297 792 valebat
1337 733 1482 809 apud
1525 733 1802 788 Romanos
1841 726 2022 785 Ponti-

150 846 299 911 ficeS,
333 847 394 899 ut
424 855 662 898 canones
690 853 907 892 summa
933 853 1066 891 cura
1101 832 1465 888 custodirent.
1499 830 1606 904 lpsi
1635 844 1829 901 nempe
1861 842 2023 882 canor

150 961 284 998 num
317 938 573 996 custodes
603 931 732 991 cuin
759 935 868 990 sint
891 939 944 988 et
969 932 1215 988 vindices
1242 929 1452 986 caeteris
1478 925 1814 998 diligentiori
1839 924 2025 979 obser-

148 1038 326 1094 vantia
360 1036 555 1111 praeire
581 1035 800 1090 debent.
833 1032 1173 1109 Confidimus‚
1202 1028 1381 1083 aiebat
1406 1026 1648 1082 Gelasius
1678 1026 1815 1098 Papa
1844 1021 2022 1096 (epist.

152 1137 219 1191 ad
247 1135 425 1209 Episc.
458 1132 666 1196 Dard.)‚
693 1130 828 1201 quod
853 1128 1023 1181 nullus
1051 1129 1165 1198 jam
1194 1127 1443 1179 veraciter
1470 1124 1779 1177 christianus
1803 1123 2022 1191 iqnoret‚

152 1233 547 1301 uniuscujusque
567 1226 753 1297 synodi
775 1224 1131 1288 constitutum,
1166 1220 1302 1290 quod
1323 1218 1630 1272 universalis
1655 1217 1893 1271 Ecclesiae
1908 1233 2029 1286 pro-

151 1329 285 1383 bavit
315 1343 574 1383 assensus,
600 1323 798 1377 nullam
821 1321 982 1390 mnqis
1019 1319 1200 1390 eoeequi
1230 1317 1405 1371 sedem
1432 1334 1546 1388 prae
1569 1317 1760 1369 caeteris
1787 1320 2029 1385 oportere

156 1428 240 1491 (ex
265 1421 643 1480 convenientia
677 1426 730 1475 et
757 1420 825 1474 ob
855 1419 1061 1472 bonum
1086 1415 1419 1488 exemplum)
1462 1433 1614 1486 quam
1650 1415 1890 1486 primam,
1918 1430 2032 1483 qnae

153 1536 560 1590 unamquamque
576 1517 828 1587 synodum
846 1522 892 1569 et
912 1531 1006 1568 sua
1026 1514 1335 1567 auctoritate
1353 1512 1641 1580 confirmat,
1664 1515 1712 1562 et
1731 1509 2033 1562 continuata

155 1614 507 1667 moderatione
536 1611 779 1665 custodit.

235 1712 423 1781 «Ergo
464 1715 721 1764 tenentur
761 1712 814 1762 et
852 1706 1082 1762 Romani
1122 1705 1402 1760 Pontifices
1435 1720 1668 1759 canones
1697 1703 2028 1757 observare:

156 1813 239 1863 ast
280 1808 426 1862 unde
471 1807 577 1861 illis
619 1805 878 1878 obligatio
920 1805 1061 1860 haec‘?
1106 1804 1221 1857 Non
1260 1822 1320 1858 ex
1359 1801 1412 1856 vi
1454 1802 1699 1875 ipsorum
1740 1816 2033 1865 canonum,

157 1912 322 1980 prout
344 1922 566 1959 necesse
599 1905 735 1959 foret
765 1908 825 1958 ut
852 1903 955 1957 dici
985 1907 1206 1975 possent
1242 1899 1474 1972 subjecti
1500 1897 1825 1963 canonibus3
1865 1902 1946 1951 ast
1973 1913 2036 1950 ex

158 2003 412 2075 aequitate
455 2001 695 2055 naturali
735 2006 787 2055 et
826 2018 890 2055 ex
930 1999 1111 2054 divina
1153 1998 1518 2068 ordinatione,
1566 2013 1687 2069 quae
1722 2013 1750 2048 a
1791 1993 2037 2066 quolibet

158 2098 428 2173 principe,
455 2098 692 2152 maxime
723 2114 849 2151 vero
883 2115 910 2150 a
942 2095 1178 2150 summis
1201 2094 1556 2149 Pontificibus
1586 2091 1819 2165 requirit
1843 2096 1905 2145 ut
1930 2089 2039 2143 sint

154 2195 292 2269 justi
323 2202 376 2251 et
395 2195 623 2268 justitiae
651 2194 895 2267 exemplo
922 2193 1125 2266 populo
1155 2193 1507 2265 praeluceant.
1542 2190 1695 2253 Quod
1724 2194 1808 2244 est
1832 2188 2034 2251 dicere,

160 2301 270 2349 tam
291 2294 562 2348 Romanos
584 2291 859 2347 antistites
882 2291 1095 2363 legibus
1117 2290 1499 2347 ecclesiastica}
1522 2289 1848 2362 disciplinae,
1871 2303 2039 2359 quain

165 2390 439 2463 principes
470 2389 684 2461 legibus
730 2388 882 2460 regni
922 2387 1008 2444 sui
1051 2388 1245 2451 teneri,
1290 2406 1398 2442 non
1443 2387 1691 2460 ipsarum
1722 2386 1910 2457 legum
1949 2400 2042 2455 po-

166 2493 356 2543 testate
391 2488 650 2553 coactiva,
688 2488 783 2543 sed
822 2487 1104 2543 directiva.
1147 2487 1300 2551 Quod
1341 2505 1469 2542 cum
1507 2486 1785 2560 principes
1826 2483 2043 2556 legibus

167 2584 440 2657 subjectos
473 2603 582 2663 non
613 2584 792 2650 faciat,
826 2602 927 2639 cur
954 2584 1218 2656 subjiciet
1255 2583 1568 2639 canonibus
1609 2584 1882 2638 Romanos
1906 2579 2044 2635 Pon-

168 2680 371 2736 tifices?
393 2704 418 2732 »

242 2779 358 2832 Non
385 2796 583 2851 parum
609 2778 775 2834 etiam
800 2778 1211 2834 hallucinantur
1236 2778 1496 2833 nonnulli
1525 2778 1808 2849 gallicanae
1834 2774 2045 2848 opinio-

172 2875 256 2929 nis
283 2892 541 2945 sequaces
569 2874 686 2945 qui,
713 2875 927 2946 quoties
960 2875 1017 2928 in
1043 2875 1420 2929 monumentis
1448 2873 1835 2931 ecclesiasticis
1858 2889 2045 2927 occur-

174 2972 243 3026 rit
273 2990 524 3026 canonum
552 2989 671 3036 vox,
707 2970 857 3025 illam
887 2972 954 3027 de
979 2971 1370 3027 conciliaribus
1402 2977 1615 3026 tantum
1649 2970 1902 3037 decretis,
1936 2986 2045 3023 non

171 3075 354 3124 autem
400 3069 465 3124 de
516 3069 841 3124 Pontificum
896 3069 1264 3124 Romanorum
1306 3069 1794 3125 constitutionibus
1841 3067 2045 3123 intelli-

173 3173 328 3239 gunt.
354 3167 510 3241 Apud
536 3167 780 3223 eruditos
819 3167 1092 3240 siquidem
1131 3168 1410 3241 explorata
1439 3187 1526 3224 res
1556 3175 1637 3224 est
1674 3184 1772 3242 per
1801 3186 1919 3223 eam
1955 3183 2046 3219 vo·

172 3282 289 3320 cem
318 3264 625 3336 designatas
655 3266 929 3340 praecipue
965 3265 1139 3321 fuisse
1174 3266 1479 3338 antiquitus
1522 3266 1831 3340 pontificias
1874 3265 2042 3335 leges,

246 3362 518 3415 Pnorosmo
547 3362 696 3419 Vltlss.
717 3396 783 3404 —
805 3363 966 3435 Papae
994 3372 1280 3436 competere
1305 3371 1615 3436 potestatem
1641 3382 1802 3435 snpra
1828 3377 2049 3416 canones

178 3476 235 3512 eo
259 3477 412 3513 sensu
436 3460 570 3530 quod
596 3461 894 3531 dispensare
925 3463 1094 3517 valeat
1123 3465 1177 3516 in
1208 3466 1417 3517 statutis
1447 3461 1755 3515 universalis
1788 3457 2043 3519 Ecclesiae,

181 3562 254 3608 est
277 3557 339 3609 de
360 3556 479 3626 [ide.
500 3589 566 3596 —
584 3557 796 3614 Etenim
822 3577 965 3614 anno
991 3560 1132 3614 1489
1154 3560 1333 3615 Sixtus
1361 3563 1498 3632 Papa
1526 3559 1586 3612 IV
1607 3565 1864 3629 tanquam
1889 3557 2048 3610 haere-

182 3654 331 3707 ticam
353 3653 629 3709 damnavit
654 3656 1081 3729 propositionem
1110 3657 1252 3713 banc
1276 3657 1419 3713 Petri
1444 3657 1510 3711 de
1536 3655 1693 3710 Osma
1724 3675 1735 3708 ε
1767 3653 1916 3726 Papa
1941 3671 2047 3708 non
