2352 4126
353 392 412 438 54
1023 385 1321 434 TRACTATUS
1352 385 1416 432 DE
1450 385 1599 433 PAPA.

353 498 542 556 dinem
566 496 989 558 Melchisedech,
1045 511 1140 549 rex
1189 511 1386 568 regum
1418 499 1470 550 et
1516 494 1782 551 dominus
1830 495 2265 569 dominantium,

351 598 512 672 cujus
538 602 783 672 potestas
822 611 934 648 non
968 592 1258 648 auferetur
1281 597 1335 649 et
1360 611 1599 667 regnum
1639 613 1751 650 non
1778 603 2170 670 corrumpetur
2209 598 2267 653 in

351 697 552 754 saecula
583 695 943 752 saeculorum.
967 691 1162 750 Amen.
1190 715 1217 746 »
1244 693 1325 767 (In
1353 694 1668 751 secundum
1697 694 1795 751 lib.
1829 694 2264 770 Sententiarum,

347 795 548 851 ultima
577 790 955 861 distinctione,
981 790 1218 847 articulo
1245 791 1493 866 ultimo.)

422 893 583 950 Nota.
614 891 759 946 Num
794 895 1068 947 tractatus
1107 890 1186 947 De
1225 894 1475 964 reyimine
1506 892 1812 966 Principum
1852 898 2135 949 auctorem
2175 895 2269 951 ha-

344 990 474 1047 beat
505 994 767 1047 sanctum
789 989 1080 1059 Thomam,
1110 989 1261 1045 haud
1294 990 1459 1065 plane
1478 989 1671 1065 liquet.
1701 990 1839 1055 Quia
1877 998 2063 1048 tamen
2098 993 2207 1068 ipsi
2237 1012 2267 1050 a

346 1090 545 1146 multis
582 1089 855 1145 tribuitur
895 1095 950 1146 et
987 1089 1244 1164 ejusdem
1286 1090 1387 1147 aevi
1419 1095 1525 1161 est,
1564 1091 1765 1148 merito
1803 1091 1894 1148 hic
1925 1092 1983 1147 in
2020 1092 2268 1150 testimo-

344 1190 506 1246 nium
542 1189 859 1245 adducitur.
899 1188 978 1244 lhi
1021 1207 1188 1263 porro
1217 1189 1298 1246 sic
1332 1190 1516 1264 legere
1544 1195 1629 1246 cst
1663 1190 1806 1246 libro
1845 1190 1934 1259 ΙΙΙ,
1976 1191 2154 1266 capite
2188 1213 2221 1247 x
2249 1214 2260 1247 :

348 1289 499 1346 «Sed
532 1288 769 1345 dominii
814 1287 1106 1362 plenitudo
1142 1289 1457 1346 ostenditur
1501 1308 1634 1346 cum
1674 1289 1874 1346 ultimo
1917 1290 2158 1346 dicitur:
2205 1291 2267 1346 Et

342 1386 742 1461 quodcumque
767 1385 1029 1459 ligaveris
1059 1404 1229 1460 super
1255 1394 1462 1443 terram
1496 1387 1603 1443 erit
1632 1386 1868 1461 ligatum
1903 1394 1955 1443 et
1989 1387 2047 1443 in
2082 1388 2261 1457 coelis,

342 1487 417 1553 et,
455 1478 612 1538 etc..'.
642 1482 793 1546 Quod
837 1483 885 1540 si
923 1483 1143 1540 dicatur
1174 1485 1242 1540 ad
1280 1485 1456 1540 solam
1483 1485 1679 1542 referri
1704 1484 2056 1560 spiritualem
2082 1490 2264 1560 potes-

340 1587 535 1653 tatem,
571 1584 676 1639 hoc
710 1602 834 1640 esse
869 1602 983 1639 non
1023 1588 1229 1658 potest;
1273 1585 1403 1659 quia
1438 1585 1724 1660 corporale
1762 1590 1814 1642 et
1854 1586 2162 1660 temporale
2198 1603 2265 1642 ex

342 1680 620 1754 spirituali
667 1686 720 1737 et
764 1687 1033 1755 perpetuo
1077 1682 1374 1757 dependet,
1428 1683 1571 1740 sicut
1617 1684 1867 1758 corporis
1909 1684 2154 1758 operatio
2199 1703 2263 1740 ex

340 1779 545 1835 virtute
581 1779 804 1836 animae.
848 1780 1003 1836 Sicut
1053 1799 1185 1854 ergo
1223 1800 1428 1856 corpus
1468 1801 1567 1857 per
1614 1783 1863 1839 animam
1910 1783 2077 1838 habet
2120 1800 2261 1852 esse,

340 1878 625 1948 virtutem,
649 1884 702 1934 et
730 1882 1110 1953 operationem
1123 1922 1237 1948 .....
1268 1880 1343 1935 ita
1367 1888 1420 1936 et
1438 1881 1761 1954 temporalis
1774 1879 2092 1954 jurisdictio
2115 1880 2265 1954 prin-

338 1978 527 2052 cipum
549 1996 646 2051 per
663 1977 1019 2051 spiritualem
1040 1977 1183 2033 Petri
1204 1984 1254 2034 et
1272 1995 1666 2034 successorum
1688 1979 1831 2053 ejus.
1849 1977 2016 2053 Cujus
2032 1978 2261 2053 quidem

341 2083 739 2150 argumentum
775 2078 990 2134 assumi
1021 2083 1200 2152 potest
1240 2096 1338 2152 per
1373 2096 1434 2134 ea
1465 2096 1587 2152 quae
1614 2078 1935 2134 invenimus
1967 2078 2024 2132 in
2046 2078 2182 2134 actis
2209 2085 2262 2133 et

335 2175 504 2249 gestis
523 2194 879 2232 summorum
907 2175 1239 2250 pontificum
1261 2182 1311 2232 et
1333 2176 1809 2249 imperatorum...
1831 2175 2015 2230 Primo
2036 2175 2260 2248 quidem

337 2273 403 2330 dc
435 2275 792 2330 Constantino
825 2280 1054 2348 apparet
1085 2274 1182 2347 qui
1217 2273 1493 2349 Sylvestro
1534 2273 1592 2328 in
1632 2273 1867 2348 imperio
1905 2274 2090 2330 cessit.
2122 2274 2257 2330 Item

339 2374 405 2429 de
427 2373 619 2427 Carolo
649 2374 838 2446 Magno
865 2391 1035 2446 quem
1058 2373 1196 2446 Papa
1217 2372 1495 2428 Adrianus
1519 2371 1917 2446 imperatorem
1944 2372 2252 2429 constituit.

341 2471 480 2526 Item
504 2471 571 2525 de
602 2470 797 2526 Ottone
817 2471 837 2525 I
855 2471 951 2543 qui
979 2489 1078 2545 per
1101 2471 1335 2527 Leonem
1357 2476 1576 2527 creatus
1605 2477 1658 2527 et
1683 2472 1988 2546 imperator
2016 2478 2099 2528 est
2126 2491 2257 2528 con-

341 2567 594 2634 stitutus,
624 2574 687 2624 ut
716 2569 965 2625 historiae
992 2569 1265 2626 referunt.
1299 2569 1404 2626 Sed
1430 2588 1494 2626 ex
1524 2571 1868 2645 depositione
1907 2571 2253 2646 principum,

338 2667 666 2724 auctoritate
701 2668 999 2742 apostolica
1040 2669 1208 2743 facta,
1243 2670 1378 2726 satis
1422 2676 1651 2745 apparet
1697 2670 1950 2744 ipsorum
1989 2675 2252 2743 potestas.

334 2765 519 2821 Primo
566 2765 717 2822 enim
770 2766 1089 2822 invenimus
1135 2767 1202 2823 de
1243 2767 1503 2823 Zacharia
1541 2769 1684 2822 hanc
1733 2771 2063 2842 potestatem
2104 2785 2257 2823 exer-

335 2866 519 2923 cuisse
546 2884 714 2940 super
738 2884 929 2939 regem
965 2867 1327 2934 Francorum,
1362 2868 1488 2942 quia
1518 2868 1705 2942 ipsum
1738 2887 1766 2924 a
1796 2885 1969 2941 regno
2004 2867 2257 2942 deposuit

332 2968 388 3021 et
425 2983 618 3020 omnes
656 2965 893 3021 barones
940 2984 971 3021 a
1005 2966 1326 3040 juramento
1365 2966 1653 3024 fidelitatis
1698 2967 1951 3024 absolvit.
1997 2967 2133 3023 Item
2188 2966 2255 3022 de

331 3041 656 3118 Innocentio
693 3061 762 3116 ΙΙΙ
788 3062 880 3135 qui
912 3061 1098 3118 Ottoni
1126 3063 1188 3118 IV
1222 3063 1526 3137 imperium
1555 3063 1807 3119 abstulit.
1838 3063 1940 3118 Sed
1975 3067 2030 3118 et
2062 3060 2255 3117 Frede-

337 3162 454 3218 rico
477 3162 520 3216 ll
544 3163 648 3217 hoc
677 3161 828 3217 idem
860 3161 1063 3218 accidit
1086 3180 1185 3237 per
1206 3163 1588 3219 Honorium...
1618 3161 1879 3227 Quamvis
1906 3161 1964 3216 in
1992 3161 2255 3217 omnihus

337 3259 459 3316 istis
490 3259 699 3316 summi
732 3259 1022 3316 Pontifices
1057 3279 1168 3317 non
1210 3260 1580 3318 extenderunt
1626 3249 1859 3315 manum
1894 3259 2004 3316 nisi
2038 3259 2254 3316 ratione

333 3357 545 3430 delicti,
585 3357 714 3431 quia
749 3357 816 3413 ad
853 3359 958 3414 hoc
994 3358 1290 3415 ordinatur
1318 3376 1514 3415 eorum
1550 3361 1819 3432 potestaS‚
1855 3361 1906 3413 et
1949 3355 2254 3430 cujuslibet

327 3454 568 3526 Domini,
603 3461 665 3511 ut.
693 3456 910 3530 prosint
942 3456 1118 3529 gregi.
1146 3477 1173 3508 »

375 3553 591 3630 vCapite
636 3574 720 3609 iux
767 3554 1008 3610 ostendit
1048 3553 1258 3629 pluries
1302 3573 1332 3610 a
1378 3553 1520 3610 Sede
1550 3553 1862 3628 Apostolica
1898 3552 2250 3608 immutatam

327 3650 550 3727 imperii
581 3651 813 3708 Romani
846 3652 1333 3709 constitutionem.
1374 3652 1437 3708 Et
1472 3651 1707 3725 loquens
1734 3653 1802 3709 de
1837 3650 2038 3707 ultima
2072 3648 2250 3704 forma

331 3770 439 3827 qua
474 3753 743 3811 donatum
769 3752 877 3809 fuit
905 3772 933 3809 a
961 3752 1224 3826 Gregorio
1247 3752 1384 3827 Papa
1409 3753 1472 3824 V,
1515 3752 1589 3809 ita
1629 3752 1850 3809 subdit:
1887 3772 1913 3804 «
1938 3750 2005 3804 Et
2034 3753 2248 3802 tantum

2331 3638 2352 3782 ἐ
