2352 4126
885 373 1014 421 PARS
1049 372 1267 428 QUARTA.
1961 374 2021 421 n

143 481 280 538 rius.
311 502 339 533 »
382 479 677 553 (Tractatus
708 480 772 534 de
799 477 1007 550 Oriyine
1021 479 1416 550 jurisdictionis,
1447 483 1642 550 quaest.
1671 496 1740 546 1v,
1775 495 1834 534 n.
1865 480 1923 536 5.
1944 513 2016 524 -

141 579 219 634 lta
239 578 465 634 citatum
490 596 521 633 a
552 575 904 646 BellarminO,
937 583 1118 631 contra
1146 576 1457 642 Barclaium,
1483 580 1523 630 t.
1564 575 1624 642 V,
1654 594 1708 651 p.
1751 575 1845 644 27,
1877 577 2019 634 edit.

143 675 383 732 Venetiis
411 675 600 746 1721.)
1217 724 1222 726 .

221 773 302 828 ΙΧ.
346 774 533 830 Petrus
564 769 1093 827 Paludanus.—Seu
1121 770 1311 826 Petrus
1341 771 1484 827 dela
1519 771 1695 842 Pallu‚
1721 771 2023 830 dominica-

147 889 279 936 nuS‚
329 868 550 925 Parisiis
582 867 887 940 Theologiae
934 866 1236 941 professor,
1284 867 1462 923 factus
1501 869 2019 928 Hierosolimitanus

148 968 456 1025 Patriarcha
490 985 634 1022 anno
676 966 845 1031 1529,
890 971 1145 1021 mortuus
1174 964 1397 1020 Parisiis
1438 983 1582 1022 anno
1626 968 1793 1035 1542,
1833 969 1891 1025 in
1922 987 2028 1026 suo

149 1071 385 1123 tractatu
409 1065 472 1120 de
484 1063 653 1120 Causa
678 1063 975 1118 immediata
998 1062 1350 1118 ecclesiasticae
1371 1065 1670 1134 potestatis,
1708 1065 1940 1120 articulo
1963 1066 2019 1134 4,

154 1165 232 1220 sic
258 1164 416 1219 habet
443 1183 455 1215 t
490 1162 679 1218 «Licet
705 1162 844 1236 Papa
877 1179 989 1217 non
1026 1162 1224 1218 habeat
1258 1161 1585 1217 confirmare
1614 1162 1917 1232 quemlibet
1945 1180 2030 1220 re·

152 1280 273 1335 gem
299 1263 391 1336 qui
410 1279 682 1318 consensu
701 1261 888 1335 populi
906 1279 935 1317 a
957 1261 1232 1335 principio
1248 1278 1483 1334 regnum
1498 1260 1826 1333 assumpsit,
1844 1267 2032 1316 tamen

151 1365 329 1434 potest
357 1360 632 1434 deponere
658 1377 878 1415 omnem
902 1358 1069 1414 talem
1093 1380 1106 1424 3
1142 1377 1250 1414 non
1285 1357 1467 1414 solum
1499 1363 1725 1432 propter
1748 1359 2026 1425 haeresim,

153 1465 244 1514 aut
266 1458 523 1528 schisma,
545 1466 640 1514 aut
657 1457 806 1513 aliud
824 1457 1032 1514 crimen
1052 1457 1398 1513 intolerabile
1415 1457 1473 1511 in
1492 1459 1716 1531 populo;
1745 1457 1841 1512 sed
1865 1457 2033 1513 etiam

154 1562 380 1631 propter
411 1555 883 1623 insufficientiam,
912 1561 975 1611 ut
1006 1562 1131 1630 pote
1157 1557 1202 1612 si
1229 1555 1355 1629 quis
1386 1555 1555 1611 idiota
1581 1573 1774 1626 sensu,
1801 1555 1888 1611 vel
1919 1555 2030 1609 im-

155 1661 349 1730 potens
369 1654 578 1709 viribus
615 1654 671 1708 in
698 1671 869 1727 regno
894 1659 1173 1728 praeesset,
1210 1661 1260 1710 et
1285 1661 1512 1729 propter
1534 1655 1655 1727 ejus
1687 1654 2034 1710 insufficien-

155 1752 289 1805 tiam
308 1768 539 1822 regnum
566 1750 813 1806 fidelium
839 1751 1314 1825 periclitaretur...
1340 1752 1475 1816 Quia
1500 1753 1639 1826 Papa
1666 1757 1750 1808 est
1776 1753 2031 1826 superior

160 1849 217 1902 in
248 1846 649 1919 spiritualibus,
672 1853 723 1902 et
745 1866 841 1920 per
862 1867 1203 1920 consequens
1229 1850 1286 1904 in
1311 1850 1736 1923 temporalibuS,
1760 1856 2032 1924 quantum

160 1962 388 2000 necesse
413 1949 493 1999 est
515 1962 612 2018 pro
637 1944 780 2000 bono
802 1946 1098 2019 spirituali.
1131 1969 1158 1998 »
1191 1947 1369 2020 (Apud
1398 1949 1795 2003 Bellarminum
1817 1950 2032 2022 praefat.

160 2037 218 2094 in
240 2039 572 2112 Barclaium,
602 2060 724 2115 pag.
747 2062 816 2115 v1,
837 2043 940 2098 suh
966 2043 1213 2113 initium,
1234 2050 1274 2098 t.
1296 2045 1337 2113 I,
1363 2045 1496 2099 edit.
1515 2044 1805 2099 Mediolani
1836 2046 2030 2117 1721.)

234 2138 293 2191 Χ.
336 2138 600 2193 Somnium
638 2140 896 2195 Viridarii.
924 2141 1064 2195 —Is
1100 2141 1244 2196 liber
1282 2160 1612 2215 anonmeS,
1639 2160 1783 2198 anno
1816 2143 2039 2198 circiter

160 2229 327 2300 1564,
345 2231 447 2285 sub
465 2249 590 2304 rege
607 2232 850 2288 CaroloV
876 2235 1080 2304 editus,
1108 2236 1281 2290 tribui
1309 2238 1449 2292 solet
1478 2238 1609 2292 dicti
1634 2238 1794 2310 Regis
1821 2238 2040 2294 Cancel-

156 2325 316 2392 lario,
343 2327 425 2382 vel
450 2327 607 2382 alteri
622 2328 834 2383 Aulico.
855 2328 917 2382 Et
937 2330 1185 2401 quamvis
1204 2336 1396 2385 auctor
1412 2336 1557 2386 totus
1579 2331 1651 2386 sit
1678 2332 1736 2386 in
1753 2333 2032 2388 arctandis

159 2423 538 2478 ecclesiasticae
582 2424 866 2497 potestatis
900 2425 1201 2496 limitibus,
1239 2432 1422 2482 tamen
1468 2428 1753 2483 confessus
1789 2435 1873 2484 est
1914 2447 2036 2485 eam

159 2520 371 2576 extendi
415 2521 678 2579 indirecte
718 2522 786 2577 ad
818 2525 1166 2598 temporalia,
1200 2531 1363 2598 prout
1389 2525 1671 2598 colligitur
1693 2545 1722 2581 e
1755 2527 2039 2600 sequenti-

159 2617 262 2672 bus
284 2620 464 2676 verbis
487 2641 497 2672 :
532 2642 559 2673 «
580 2622 995 2678 Concedendum
1020 2628 1104 2679 est
1129 2623 1273 2694 quod
1291 2624 1636 2697 Principatus
1664 2625 1878 2698 papalis
1902 2643 2031 2681 con-

161 2717 336 2773 cernit
374 2719 694 2792 temporalia
723 2726 906 2794 (prout
935 2722 1000 2777 de
1026 2722 1335 2778 necessario
1366 2722 1647 2778 concernit
1674 2717 2031 2796 spiritualia),

160 2830 287 2868 cum
313 2814 380 2868 ab
398 2832 588 2870 eorum
626 2835 725 2872 usu
753 2817 837 2874 vel
866 2818 1043 2874 abusu
1081 2819 1248 2891 surgit
1285 2826 1570 2893 peccatum
1604 2841 1614 2872 :
1651 2826 1815 2894 prout
1842 2820 2034 2876 dicunt

158 2914 362 2978 textuS,
393 2911 600 2968 ratione
625 2914 833 2986 peccati
860 2933 1053 2972 omnes
1084 2934 1260 2971 causae
1291 2922 1539 2990 spectant
1565 2917 1632 2972 ad
1655 2917 1838 2972 forum
1862 2918 2033 2974 eccle-

160 3008 483 3064 siasticum:
526 3029 646 3085 cap.
690 3012 863 3069 Novit.
904 3014 967 3069 de
992 3015 1222 3086 judiciis,
1254 3020 1358 3071 etc.
1407 3016 1608 3070 Tamen
1651 3016 2032 3090 principaliter

159 3105 494 3180 disponendo
521 3114 575 3165 et
601 3111 1012 3180 authorisando‚
1042 3112 1180 3167 nihil
1206 3118 1414 3186 spectat
1439 3114 1506 3168 ad
1535 3114 1732 3187 Papam
1759 3120 2032 3188 quantum

164 3201 229 3256 ad
247 3204 636 3277 temporalia...
670 3206 787 3262 Non
814 3207 973 3263 dehet
1003 3226 1060 3263 se
1082 3211 1342 3281 (potestas
1368 3211 1755 3285 ecclesiastica)
1783 3212 1849 3267 de
1874 3212 2040 3284 depo·

67 3357 73 3362 ,
166 3295 361 3355 sitione
396 3299 789 3374 imperatorum
830 3321 926 3359 seu
965 3321 1161 3377 regum
1183 3305 1570 3374 intromittere,
1606 3313 2035 3380 quantumcum-

166 3408 270 3463 que
294 3410 387 3449 rex
405 3397 489 3452 vel
510 3398 808 3471 imperator
830 3400 901 3456 sit
917 3400 1115 3474 dignus
1139 3403 1482 3476 depositione
1508 3411 1733 3478 propter
1757 3405 2031 3460 defectum

167 3504 590 3566 quemcumque,
619 3496 703 3552 vel
733 3497 944 3554 crimen
977 3500 1124 3572 quod
1153 3517 1265 3555 non
1297 3506 1380 3556 est
1409 3502 1549 3558 inter
1580 3501 1888 3576 spiritualia
1926 3497 2028 3552 cri-

166 3583 316 3639 mina
345 3593 802 3660 computandum;
832 3600 886 3650 et
909 3594 1034 3651 ideo
1070 3595 1119 3651 si
1161 3596 1462 3671 imperator
1482 3599 1568 3654 vel
1610 3616 1705 3654 rex
1738 3592 2031 3651 committit

166 3682 376 3738 crimen
411 3683 838 3760 dilapidationis,
872 3692 956 3748 vel
994 3693 1389 3751 destructionis
1429 3696 1648 3769 imperii
1692 3694 1805 3749 sive
1849 3690 2027 3763 regni,

403 3803 461 3833 in.
1766 3795 1795 3840 4
