2340 4062
351 314 408 360 84
580 312 583 315 ⁴
1019 308 1316 356 TRACTATUS
1346 308 1412 356 DE
1442 310 1592 358 PAPA.

915 554 940 607 g
961 553 1030 594 17.
1050 575 1102 584 —
1123 551 1272 595 Inania
1290 553 1499 597 Bossuetii
1521 554 1695 608 effugia.

420 724 646 797 objectio
676 721 748 774 1³.
771 750 843 761 —
866 717 1032 774 Istius
1064 717 1397 794 objectionis
1425 719 1542 776 haec
1575 737 1798 776 summa
1823 724 1904 776 est
1929 741 1939 774 :
1971 721 2256 780 unanimis

337 824 618 880 doctorem
655 819 859 876 scholae
885 819 1159 875 sententia
1187 818 1255 874 ab
1295 818 1432 894 ipsis
1466 819 1633 876 etiam
1665 820 2005 876 Bellarmino
2048 826 2103 877 et
2133 821 2258 879 Per-

333 923 491 979 ronio
526 927 794 995 tanquam
836 919 1011 975 nimia
1051 924 1105 976 et
1151 919 1290 976 falsa
1332 920 1608 994 rejicitur,
1653 939 1785 995 ergo
1828 920 2113 977 unanimis
2154 921 2252 979 illa

330 1020 603 1078 sententia
630 1018 774 1074 nihil
807 1019 1023 1093 probat.
1053 1051 1124 1060 -
1150 1017 1259 1075 Ηο6
1286 1024 1345 1074 111
1378 1019 1717 1093 persuadeat
1749 1020 1830 1075 sic
1859 1019 2104 1093 procedit
2127 1019 2252 1077 Bos-

328 1128 486 1178 suet:
528 1121 705 1177 Primo
741 1119 1009 1195 supponit
1036 1119 1328 1193 allegatam
1373 1119 1664 1175 doctorum
1701 1119 1907 1177 scholae
1933 1121 2251 1178 consensio·

327 1237 457 1276 nem
485 1219 542 1275 in
565 1238 629 1276 eo
649 1218 973 1290 consistere,
1005 1218 1150 1293 quod
1173 1218 1519 1302 unanimiter
1540 1218 1836 1275 admittant
1860 1238 2023 1294 posse
2045 1220 2247 1295 Regem

326 1318 524 1393 deponi
559 1318 627 1374 ab
660 1317 924 1388 Ecclesia,
955 1319 1058 1374 1106
1096 1318 1217 1392 ipso
1247 1318 1394 1392 quod
1426 1318 1497 1375 sit
1528 1319 1953 1376 haereticus-vel
1980 1326 2244 1394 apostata.

327 1441 354 1471 «
380 1419 450 1475 De
477 1418 817 1476 scholasticis
847 1437 998 1489 vero,
1030 1418 1230 1492 inquit,
1259 1418 1355 1492 qui
1381 1419 1449 1474 ab
1477 1419 1689 1493 aliquot
1719 1419 1941 1475 saeculis
1973 1424 2247 1493 110515311-

321 1524 472 1574 ctum
508 1519 772 1574 Thomam
811 1523 864 1574 et
896 1518 1036 1574 alios
1065 1535 1267 1590 magno
1295 1536 1579 1574 consensu
1611 1519 1772 1574 fateri
1814 1518 2111 1575 videantur
2138 1519 2249 1575 1136-

318 1617 458 1673 resis
499 1624 552 1673 et
586 1616 874 1692 apostasiae
915 1634 1080 1673 causa
1120 1616 1324 1690 deponi
1354 1635 1514 1691 posse
1559 1634 1747 1690 rech,
1784 1623 1986 1691 praeter
2028 1636 2092 1673 ea
2122 1636 2245 1691 quae

315 1717 462 1773 dicta
490 1724 645 1786 sunt,
668 1718 783 1773 11366
807 1717 1032 1790 insuper
1055 1715 1334 1789 addimus,
1358 1735 1452 1772 eos
1476 1716 1647 1772 falsos
1669 1729 1732 1772 ac
1761 1716 1963 1772 nimios
1988 1717 2185 1773 fuisse.
2213 1739 2239 1770 »

321 1817 569 1891 (OEuvres
613 1816 680 1872 de
722 1816 976 1885 Bossuel,
1020 1814 1229 1871 edition
1263 1814 1446 1881 Lebel,
1483 1814 1655 1884 1817,
1695 1823 1737 1870 1.
1775 1815 1974 1884 XXXII,
2015 1835 2072 1890 p.
2121 1816 2237 1890 74).

315 1917 577 1984 Secunda,
617 1916 823 1973 scholae
858 1916 1111 1971 doctores
1135 1914 1300 1987 salsos
1338 1931 1401 1969 36
1442 1915 1629 1969 nimios
1656 1913 1830 1971 fuisse
1863 1914 1992 1975 inde
2031 1916 2235 1990 arguit,

309 2016 456 2092 quod
491 2016 596 2090 ipsi
633 2016 699 2072 ad
738 2014 1041 2089 legitimam
1086 2013 1231 2088 regis
1275 2013 1685 2088 depositionem
1731 2033 1841 2070 non
1873 2015 2024 2070 aliud
2056 1994 2239 2089 requi-

309 2120 436 2170 rant
461 2133 630 2188 quam
663 2113 846 2170 solum
875 2113 1082 2170 factum
1112 2111 1402 2186 apostasiae
1432 2111 1515 2167 vel
1545 2113 1836 2178 haereseos3
1873 2112 2237 2169 Bellarminus

307 2232 436 2270 vero
478 2213 707 2288 insuper
747 2211 999 2284 requirat
1036 2218 1098 2268 ut
1147 2211 1398 2267 subditos
1436 2229 1565 2267 suos
1613 2230 1640 2266 a
1689 2229 1812 2269 vera
1857 2211 1965 2267 fide
2001 2218 2230 2279 avertat3

307 2314 604 2370 Perronius
644 2318 854 2382 autem,
887 2319 949 2367 ut
991 2312 1060 2367 sit
1084 2317 1404 2385 persecutor
1436 2317 1489 2367 et
1523 2311 1832 2384 juramenti
1866 2311 1953 2368 sui
1979 2311 2228 2370 violator.

307 2410 482 2483 Igitur
522 2414 635 2464 tota
681 2407 916 2481 objectio
961 2407 1165 2463 nititur
1209 2407 1362 2464 hisce
1402 2406 1616 2463 duobus
1656 2408 1880 2464 assertis
1914 2429 1922 2460 :
1973 2408 2027 2463 1⁰
2067 2409 2122 2464 in
2165 2428 2228 2466 eo

308 2511 412 2563 stat
449 2505 740 2561 doctorum
783 2503 988 2560 scholae
1037 2502 1357 2573 consensio,
1395 2502 1542 2578 quod
1593 2503 1830 2560 sufficiat
1871 2522 2066 2579 regum
2108 2526 2232 2565 esse

308 2603 633 2661 haereticum
683 2603 768 2658 vel
805 2608 1113 2677 apostatam
1148 2607 1211 2657 ut
1251 2604 1424 2677 possit
1458 2602 1661 2678 deponi
1695 2625 1705 2656 z
1756 2603 1811 2658 2⁰
1855 2603 2230 2664 Bellarminus

305 2708 359 2759 et
399 2701 700 2757 Perronius
735 2699 1065 2755 unanimem
1097 2698 1387 2755 doctorum
1427 2699 1627 2756 scholae
1666 2702 1998 2758 sententiam
2030 2703 2228 2761 dereli-

305 2807 571 2876 querunt.

382 2898 762 2970 Respondetur.
784 2896 1100 2953 ——Falsum
1127 2915 1251 2955 esse
1278 2905 1582 2972 utrumque
1604 2906 1904 2956 assertum.
1934 2901 1998 2956 Et
2027 2901 2079 2956 1⁰
2106 2902 2228 2974 qui-

302 2997 425 3053 dem
449 2996 655 3052 falsum
680 3003 761 3052 est
781 2997 1209 3054 consensionem
1235 2999 1531 3055 doctorum
1556 2999 1754 3055 scholae
1769 3018 1889 3055 eam
1912 3017 2035 3055 esse
2055 3017 2228 3073 quam

303 3095 502 3153 asserit
539 3095 787 3151 Bossuet.
823 3096 1039 3153 Etenim
1077 3096 1327 3154 doctrina
1368 3097 1427 3153 in
1466 3116 1571 3172 qua
1613 3098 1975 3154 consentiunt
2020 3099 2225 3154 scholae

301 3193 554 3250 doctores
581 3191 696 3248 11366
718 3199 800 3249 651
828 3216 839 3247 :
875 3194 1125 3251 Ecclesiae
1151 3197 1395 3268 competit
1420 3196 1598 3269 aliqua
1622 3203 1861 3269 potestas
1879 3197 1935 3250 in
1964 3214 2074 3251 rem
2104 3204 2233 3252 tem-

300 3293 540 3367 poralem
564 3310 764 3365 requm,
799 3295 875 3349 ita
908 3303 965 3350 ut
987 3298 1159 3368 possit
1187 3299 1346 3351 etiam
1370 3297 1425 3350 in
1463 3297 1615 3351 certis
1650 3297 1854 3352 casibus
1892 3315 2037 3369 reyes
2069 3297 2231 3370 depo-

305 3411 445 3448 nere.
468 3391 644 3466 Super
671 3391 776 3448 hoc
797 3398 999 3466 puncto
1022 3394 1321 3450 unanimes
1343 3411 1534 3450 revera
1565 3401 1696 3450 sunt
1717 3393 1973 3450 doctores
1991 3394 2226 3488 scholae,

301 3508 403 3547 nec
430 3489 581 3546 ullus
617 3487 925 3563 reperietur
952 3490 1046 3563 qui
1073 3490 1123 3547 ei
1158 3490 1578 3548 contradixerit.
1596 3491 1662 3547 At
1687 3509 1816 3548 vero
1853 3492 1902 3547 si
1929 3499 2125 3566 agatur
2161 3493 2230 3548 de

301 3588 568 3663 qualitate
594 3588 766 3662 hujus
800 3590 1082 3661 potestatis
1113 3589 1291 3663 (verbi
1332 3588 1530 3663 gratia,
1561 3607 1632 3645 an
1665 3591 1864 3646 directa
1889 3590 1980 3659 sit,
2009 3591 2094 3646 vel
2127 3608 2220 3664 po-

302 3687 412 3745 tius
450 3686 752 3762 indirecta);
802 3686 935 3742 item
977 3686 1043 3744 de
1083 3687 1500 3746 conditionibus
1539 3689 1825 3764 requisitis
1866 3696 1930 3746 111.
1968 3688 2218 3763 legitime
