2340 3990
938 271 1065 320 PARS
1093 270 1314 327 QUARTA.
1979 266 2068 314 205

273 386 328 440 1⁰
362 384 724 441 Testimonium
771 380 1057 438 Innocentii
1088 377 1188 444 III,
1232 390 1367 434 anno
1399 374 1655 434 1208.—
1675 395 1704 427 «
1727 373 1841 431 Illis
1868 375 2071 448 princi·

198 482 360 556 pibus
394 482 639 555 (loquitur
681 479 743 536 de
786 477 1108 549 Principibus
1152 474 1494 547 electoribus),
1525 472 1620 547 jus
1653 476 1708 528 et
1747 477 2069 546 potestatem

201 579 436 654 eligendi
475 593 680 650 regem,
709 575 768 630 in
814 573 1200 647 imperatorem
1233 571 1580 647 postmodum
1612 569 2070 660 promerendum,

203 674 644 750 recognoscimus
670 677 733 728 ut
769 670 1055 736 debemus,
1084 670 1148 726 ad
1185 688 1324 744 quos
1367 670 1434 727 de
1457 670 1582 744 jure
1610 675 1662 726 et
1688 662 1913 743 antiqua
1945 686 2074 724 con-

205 774 494 834 suetudine
534 770 783 827 noscitur
821 768 1128 842 pertinere:
1157 770 1458 842 praesertim
1484 787 1613 824 cum
1653 769 1720 825 ad
1759 786 1852 824 eos
1880 768 1975 842 jus
2020 772 2075 823 et

208 855 440 950 potestas
478 866 799 942 hujusmodi
826 868 887 922 ab
924 866 1207 939 apostolica
1229 867 1351 921 sede
1377 870 1692 939 pervenerit,
1737 884 1858 940 quae
1878 866 2075 921 Roma-

210 988 341 1028 num
365 965 655 1041 imperium
683 965 741 1020 in
764 980 998 1038 persona
1021 963 1295 1035 magnifici
1319 964 1495 1019 Caroli
1518 982 1548 1019 a
1573 965 1772 1020 Graecis
1799 963 2078 1020 transtulit

211 1068 268 1124 in
295 1065 611 1122 Germanos.
638 1083 665 1115 »
692 1061 948 1135 (Epistola
974 1060 1038 1114 ad
1065 1060 1261 1115 ducem
1283 1060 1604 1133 Turingiae.)
1634 1061 1706 1115 Ex
1731 1062 1831 1117 hac
1847 1060 2075 1135 epistola

206 1163 555 1234 desumptum
601 1163 683 1214 est
728 1162 888 1231 caput
935 1155 1302 1221 Venerabilem,
1359 1156 1422 1210 de
1475 1156 1741 1222 electione,
1805 1157 2078 1213 insertum

203 1261 403 1333 corpori
420 1259 575 1331 juris.

280 1356 335 1411 2⁰
374 1355 739 1411 Testimonium
775 1355 1108 1426 ipsorummet
1147 1353 1443 1420 electorum,
1489 1371 1623 1407 anno
1657 1353 1824 1409 1279.
1847 1384 1915 1392 —
1943 1351 2081 1409 Sane

209 1473 317 1511 non
354 1452 673 1527 ignorabant
708 1452 991 1517 electoreS,
1032 1469 1272 1525 quonam
1312 1451 1461 1508 fonte
1502 1451 1571 1507 ad
1615 1451 1764 1525 ipsos
1804 1451 2082 1524 ejusmodi

212 1558 445 1628 potestas
472 1556 766 1606 manasset.
795 1551 880 1606 Sic
903 1567 1067 1624 porro
1092 1549 1369 1605 declarant
1391 1550 1450 1605 in
1478 1549 1680 1624 scripto
1706 1551 1774 1606 ad
1799 1550 2080 1607 Nicolaum

215 1668 407 1727 papam
431 1647 495 1702 ΙΙΙ
521 1648 722 1703 directo
745 1669 757 1702 ε

295 1746 456 1801 «Nos
512 1745 788 1820 principes
834 1746 1077 1820 imperii,
1118 1746 1392 1802 universis
1446 1755 1777 1820 praesentem
1830 1747 2082 1821 paginam

220 1842 560 1919 inspecturis,
596 1842 971 1917 Complectens
997 1843 1063 1898 ab
1092 1843 1225 1898 olim
1251 1844 1357 1899 sibi
1382 1844 1623 1899 Romana
1652 1850 1829 1900 mater
1850 1844 2085 1900 Ecclesia

218 1941 366 2017 quasi
401 1940 665 1996 Germana
694 1940 957 1995 charitate
995 1939 1360 2006 Germaniam,
1391 1941 1545 1996 illam
1574 1960 1635 1997 eo
1663 1947 1880 1997 terreno
1911 1941 2086 2016 digni-

216 2039 337 2096 tatis
369 2038 593 2094 nomine
624 2038 916 2110 decoravit,
944 2039 1090 2111 quod
1118 2044 1201 2094 est
1235 2056 1400 2113 super
1436 2057 1598 2095 omne
1638 2058 1838 2095 nomen
1875 2045 2086 2115 tempo-

214 2137 404 2192 raliter
439 2140 654 2191 tantum
690 2136 1102 2209 praesidentium
1141 2154 1305 2210 super
1348 2144 1581 2202 terram;
1626 2139 1881 2211 plantans
1923 2139 1981 2194 in
2025 2157 2087 2194 ea

215 2233 490 2306 Principes
516 2239 777 2306 tanquam
809 2234 1032 2290 arbores
1073 2235 1406 2307 praeelectae,
1445 2242 1496 2291 et
1537 2236 1720 2308 rigans
1748 2236 1874 2291 illas
1915 2237 2086 2310 gratia

141 2353 144 2355 ·
217 2332 500 2404 singulari,
527 2332 664 2387 illud
687 2332 835 2387 dedit
859 2333 936 2387 eis
978 2332 1383 2388 incrementum
1422 2334 1686 2390 mirandae
1723 2335 1996 2408 potentiae,
2027 2341 2089 2390 ut

216 2430 391 2504 ipsius
413 2430 657 2486 Ecclesiae
686 2431 1009 2487 auctoritate
1042 2431 1281 2497 sustulti,
1303 2431 1449 2487 velut
1474 2450 1699 2505 germen
1726 2433 1963 2489 electum
1990 2452 2088 2507 per

219 2526 467 2599 ipsorum
490 2526 834 2596 electionem,
855 2527 1016 2582 illum
1045 2527 1138 2599 qui
1166 2526 1333 2582 fraena
1353 2528 1583 2583 Romani
1610 2534 1819 2584 teneret
1842 2529 2086 2603 imperii,

222 2621 611 2695 germinarent.
660 2623 755 2678 Hic
794 2629 873 2679 est
914 2623 1050 2679 illud
1091 2623 1367 2679 luminare
1409 2624 1596 2680 minus
1638 2626 1695 2680 in
1743 2625 2092 2682 firmamento

219 2719 506 2775 militantis
548 2720 814 2791 Ecclesiae,
859 2740 955 2796 per
994 2722 1269 2777 luminare
1309 2723 1512 2795 majus,
1555 2722 1751 2779 Christi
1799 2724 2092 2792 vicarium,

220 2816 578 2872 illustratum.
602 2818 697 2875 Hic
722 2824 802 2874 est
828 2819 923 2891 qui
953 2821 1296 2877 materialem
1322 2821 1569 2893 gladium
1600 2823 1666 2877 ad
1696 2822 1870 2896 ipsius
1896 2829 2095 2879 nutum

217 2913 420 2969 excutit
437 2921 486 2968 et
513 2915 799 2982 convertit,
822 2920 883 2970 ut
904 2917 1019 2988 ejus
1045 2917 1302 2990 praesidio
1325 2924 1613 2992 pastorum
1639 2926 1823 2992 pastor
1847 2921 2092 2994 adjutus,

217 3026 341 3065 oves
385 3009 489 3065 sihi
530 3010 763 3067 creditas
804 3012 1077 3084 spirituali
1121 3014 1300 3086 gladio
1352 3018 1686 3090 protegendo
1728 3019 2087 3084 communiat,

219 3107 504 3181 temporali
549 3108 804 3164 refraenet
843 3115 895 3164 et
931 3110 1287 3183 corrigat...»
1317 3113 1466 3182 (Vide
1510 3114 1906 3171 documentum
1952 3116 2090 3170 inte-

223 3219 379 3274 grum
404 3205 549 3278 apud
572 3206 988 3274 Bellarminum,
1013 3208 1089 3263 De
1112 3212 1453 3267 translatione
1483 3214 1704 3286 imperii,
1724 3221 1764 3269 t.
1786 3215 1848 3280 II,
1870 3233 1924 3286 p.
1956 3212 2084 3277 557,

227 3297 356 3353 edit.
377 3298 632 3373 VenetiiS‚
658 3303 849 3377 1721.)

301 3393 356 3448 5⁰
397 3395 756 3457 Testimonium
794 3405 1118 3476 imperatoris
1157 3407 1372 3464 Alberti.
1405 3411 1562 3464 -In
1611 3410 1727 3464 suis
1768 3409 1834 3462 ad
1877 3406 2085 3462 Bonisa-

229 3490 374 3546 cium
403 3492 508 3547 vul
538 3494 732 3555 litteris
772 3501 850 3558 sic
888 3504 1194 3576 profitetur.
1220 3528 1247 3558 «
1275 3506 1684 3579 Recognoscens
1726 3506 1896 3576 igitur
1940 3505 2085 3576 quod

231 3587 532 3647 Romanum
556 3592 847 3669 imperium
877 3618 975 3674 per
1002 3602 1184 3659 sedem
1209 3604 1565 3678 apostolicam
1592 3603 1658 3658 de
1683 3602 1881 3658 Graecis
1907 3608 2085 3660 trans-
