2340 3990
821 364 950 412 PARS
978 362 1198 420 numu.
1860 360 1948 409 255

251 468 323 526 du
362 470 561 527 Perron
590 470 896 560 (Rarungae
934 487 1021 528 au>
1044 470 1179 528 tiers
1216 470 1346 541 etat,
1384 485 1440 543 p.
1484 466 1579 537 25,
1618 465 1751 524 edit.
1795 464 1947 523 Paris

83 557 246 638 ¹615)
287 591 299 622 :
335 570 598 627 Iustinien
632 569 839 639 second,
874 571 1086 642 offense
1122 569 1187 626 de
1228 587 1283 627 ce.
1316 585 1412 642 que
1453 566 1685 640 Serqius,
1714 565 1776 622 de
1809 565 1949 621 bien-

73 767 225 824 voulu
255 770 426 839 siyner
456 771 507 824 et
529 767 784 839 favori-ser
809 765 857 821 le
884 766 1081 839 synode
1119 769 1309 823 errone'
1341 765 1470 839 qu'il
1505 767 1648 822 avait
1682 764 1783 837 fait
1812 765 1945 819 tenir

74 868 104 918 ὰ
137 861 578 936 θοηειαητὶηορίε,
609 879 805 933 envoya
832 879 926 917 son
959 862 1282 918 connestable
1312 861 1588 926 Zacharie‚
1627 867 1676 917 et
1705 860 1778 916 lui
1807 877 1942 917 com-

71 963 258 1019 manda
287 962 350 1018 de
375 959 598 1034 prendre
628 959 675 1015 le
709 976 846 1032 pape
885 968 936 1016 et
967 960 1013 1015 Ie
1054 950 1376 1033 transporter
1407 964 1440 1014 ὰ
1483 957 1934 1034 Constantinople.

0 1100 2 1107 ι
70 1058 200 1114 Mais
230 1057 477 1132 lss.¹!⁸2'li⁶ss.··
498 1056 564 1112 de
594 1055 837 1111 Ravenne
866 1065 915 1111 et
941 1058 1030 1112 des
1051 1059 1324 1129 provinces
1356 1057 1579 1111 voisines
1614 1057 1803 1111 re'sista
1834 1073 1941 1111 aux

5 1189 15 1215 ο
70 1157 247 1229 impies
281 1153 739 1219 commandements
787 1154 857 1208 du
897 1155 1100 1224 prime,
1148 1159 1198 1208 et
1246 1170 1497 1224 repon-ssa
1529 1152 1652 1207 ledit
1683 1152 1943 1209 Zacharie

12 1231 17 1259 ⁷
69 1272 187 1310 avec
216 1253 487 1326 opprobres
515 1258 565 1306 et
604 1258 844 1323 outrayes
893 1251 956 1306 de
990 1251 1041 1305 la
1080 1251 1199 1306 ville
1238 1251 1301 1306 de
1335 1250 1515 1305 Rome.
1559 1248 1733 1322 Igitur
1770 1248 1940 1305 ltaliae

66 1349 431 1425 militiffilnon
471 1353 686 1405 tantum
730 1348 898 1423 impio
938 1348 1208 1423 pontificis
1257 1348 1440 1422 raptui
1493 1347 1937 1421 cooperationem

61 1442 361 1518 denegavit,¹
382 1444 475 1508 sed
504 1452 557 1500 et
578 1461 676 1518 per
698 1444 807 1500 vim
838 1444 1189 1518 imperatoris
1222 1443 1675 1501 commissarium
1703 1445 1933 1519 expulit.

58 1539 281 1597 Proinde
307 1540 410 1596 sibi
440 1541 647 1597 licitam
675 1543 1006 1599 existimavit
1038 1546 1256 1599 activam
1282 1561 1501 1617 quoque
1526 1543 1932 1614 resistentiam3

66 1653 162 1695 nec
202 1638 407 1711 putavit
450 1639 565 1711 lege
605 1639 806 1696 Christi
850 1641 1177 1714 permissam
1219 1641 1503 1697 dumtaxat
1539 1643 1825 1714 passivam,
1872 1647 1934 1698 ut

2 1742 5 1772 ³
67 1734 176 1803 vult
195 1736 540 1804 Bossuetius3
590 1739 704 1813 qui,
735 1739 885 1795 omni
920 1758 1146 1812 prorsus
1181 1740 1238 1795 in
1279 1758 1434 1806 caso,
1483 1743 1537 1795 et
1577 1739 1793 1795 etiamsi
1839 1758 1933 1797 rex

0 1844 6 1863 '
67 1831 284 1914 subditis
322 1835 434 1891 suis
483 1837 760 1906 omnihUS,
805 1838 1157 1894 recreationis
1201 1856 1389 1908 causa,
1432 1843 1595 1912 caput
1639 1844 1929 1912 amputare

0 1921 21 1972 f
65 1936 301 2000 tentaret,
332 1951 440 1989 non
472 1934 686 1991 licitum
722 1936 873 1992 aliud
913 1936 1212 2002 contendit,
1243 1954 1410 2010 quam
1456 1935 1627 1991 Deum
1669 1954 1828 1992 orare
1865 1955 1929 1992 ac

62 2029 377 2105 supplicium
408 2032 616 2089 subire.
646 2035 709 2089 Et
733 2038 955 2091 notetur
982 2034 1182 2091 dictam
1207 2033 1483 2104 militiam,
1520 2051 1631 2088 non
1659 2034 1925 2108 vituperia

55 2126 145 2183 sed
188 2129 372 2186 laudes
407 2149 435 2186 a
475 2133 757 2190 catholicis
794 2151 915 2189 esse
960 2139 1327 2190 consecutam.
1381 2134 1712 2190 Persuasum
1754 2134 1926 2206 igitur

51 2229 176 2282 tunc
197 2228 478 2285 catholicis
516 2230 633 2285 dari
676 2248 836 2305 posse
873 2249 1098 2287 causam
1142 2231 1449 2305 legitimam
1489 2231 1923 2306 imperatoribus

50 2339 142 2382 seu
170 2326 388 2399 regibus
415 2346 511 2401 per
536 2329 645 2384 vim
683 2330 997 2386 resistendi.
1035 2331 1114 2385 An
1139 2336 1324 2387 autem
1367 2330 1458 2385 hic
1502 2337 1555 2386 et
1592 2348 1738 2386 nunc
1778 2336 1925 2386 extet

48 2419 223 2494 aliqua
254 2424 523 2496 ejusmodi
555 2445 740 2498 causa,
783 2429 851 2483 ad
893 2429 1316 2485 ecclesiasticam
1358 2448 1492 2486 sane
1539 2430 1918 2485 auctoritatem

0 2573 2 2595 ζ
46 2515 328 2576 decernere
354 2523 606 2595 pertinet.
634 2525 689 2579 Id
715 2532 898 2581 autem
939 2527 1272 2584 decernendi
1306 2533 1544 2602 potestas
1574 2546 1689 2584 rem
1712 2534 1920 2602 tempo-

71 2613 208 2672 alem
236 2636 430 2690 regum
461 2622 648 2694 procul
674 2622 840 2678 dubio
866 2625 1103 2698 attingit.

109 2711 381 2770 Pnoposmo
414 2717 486 2772 8³.
510 2750 577 2757 -
606 2718 806 2775 Saeculo
835 2721 956 2777 VIII
979 2731 1253 2779 occurrunt
1287 2727 1429 2798 facta
1455 2725 1726 2783 Gallicano
1755 2735 1917 2800 syste—

89 2814 160 2866 αεὶ
198 2813 642 2870 adversantia.—-
672 2817 712 2872 Ι.
755 2818 1076 2893 Imperatori
1118 2822 1721 2898 Philippico—Bardan0‚
1770 2844 1914 2882 anno

76 2907 164 2975 12,
191 2909 556 2967 obedientiam
585 2915 852 2971 recusavit
880 2917 1156 2974 Romanus
1183 2920 1442 2994 populus,
1472 2939 1534 2977 eo
1558 2923 1703 2995 quod
1742 2923 1914 2980 haere-

62 2997 196 3057 icam
238 3003 362 3061 fidei
408 3007 802 3080 professionem
847 3029 1064 3068 summo
1121 3016 1365 3087 pontifici
1408 3015 1761 3081 Constantino
1809 3021 1911 3076 mi-

42 3094 211 3156 sisset.
235 3100 293 3156 ld
318 3108 550 3160 testatur
575 3106 713 3162 Beda
741 3109 833 3180 (De
860 3127 950 3166 sex
973 3116 1114 3166 aetat.
1145 3114 1389 3187 mundi),
1419 3133 1586 3188 quem
1614 3118 1913 3175 cardinalis

44 3190 116 3246 du
139 3191 331 3256 Perron
359 3203 660 3277 (Harangue
682 3225 748 3263 au
771 3208 904 3264 ticrs
935 3212 1066 3278 etat,
1097 3211 1226 3267 edit.
1257 3213 1406 3269 Paris
1432 3215 1599 3286 1615,
1626 3235 1681 3291 p.
1714 3217 1805 3291 24)
1836 3219 1910 3274 ci-

44 3289 171 3345 tavit
197 3290 252 3347 in
282 3295 427 3355 hunc
452 3302 676 3359 modum
701 3327 713 3359 ε
739 3306 1057 3382 Philippicas
1098 3329 1296 3384 envoya
1329 3331 1395 3368 au
1424 3332 1564 3387 pape
1598 3315 1908 3373 Constantia

40 3387 127 3442 des
155 3387 325 3447 lettres
351 3395 412 3451 de
430 3416 663 3469 perverse
686 3404 937 3471 doctrine,
969 3407 1235 3481 lesquelles
1262 3410 1310 3466 le
1336 3429 1476 3486 pape
1501 3431 1622 3469 avec
1648 3414 1695 3468 le
1717 3414 1907 3468 concile

38 3484 107 3538 (Iu
147 3488 281 3558 sie'ye
318 3494 634 3568 apostolique
665 3503 894 3574 reJ'ela...
923 3503 986 3559 Et
1011 3505 1058 3560 le
1074 3507 1265 3580 peuple
1296 3512 1500 3565 romain
1534 3510 1768 3564 ordonna
1808 3526 1903 3579 que

0 3588 5 3592 ⁵
36 3582 139 3639 “⁰²²
170 3603 234 3640 'lt’
270 3593 412 3653 repat
440 3594 495 3647 ni
525 3593 571 3650 le
595 3613 730 3669 nom,
755 3605 810 3658 ui
847 3603 918 3658 les
953 3604 1103 3672 e'dits‚
1135 3609 1190 3661 ni
1224 3606 1274 3661 la
1311 3610 1553 3663 monnaie
1590 3609 1832 3676 marque'e
1867 3610 1898 3660 ὰ

34 3677 233 3754 l’imaye
260 3684 323 3740 de
350 3686 650 3761 l’empereur
688 3696 961 3771 heretique.
997 3699 1144 3757 Idem
1181 3704 1385 3759 sactum
1426 3708 1664 3758 testatur
1695 3702 1895 3760 Paulus

41 695 45 699 ·
77 667 319 731 heureuse
362 670 624 739 memoire,
657 669 863 741 pontise
901 666 965 723 de
1001 655 1213 740 l'quise
1263 667 1514 736 romaine,
1562 666 1759 722 n’avait
1797 665 1948 739 point
2051 666 2064 678 ²
