2340 3990
31 194 59 294 ξ
808 250 936 299 PARS
966 250 1181 298 OCTAVA.
1853 254 1940 300 369

35 347 277 438 Papam,
310 360 612 418 concilium
638 358 909 416 renitente
928 359 1080 433 ‘Papa
1115 375 1227 415 non
1253 373 1572 424 convocare;
1601 374 1664 414 ac
1698 358 1932 432 proinde

31 460 280 527 &omisi
314 459 602 533 illegitime
633 475 696 515 ac
725 475 824 533 per
860 474 1149 514 summum
1183 457 1367 514 scelus
1402 455 1541 511 illud
1578 455 1750 512 invito
1786 456 1930 531 Papa

32 561 400 617 &convocareh
1243 549 1255 564 '

132 657 415 711 Pnorosmo
442 653 525 707 11¹.
546 652 816 708 —Potest
852 652 1123 707 concilium
1156 653 1518 707 oecumenicum
1551 651 1778 723 leqitime
1811 669 1933 707 con-

59 755 231 811 vocari
272 754 347 807 ab·
371 751 472 807 alio
509 768 662 823 quam
694 750 863 822 Papa,
902 751 1037 805 verbi
1078 753 1269 821 qratia,
1315 750 1376 805 ab
1418 752 1746 822 imperatore,
1783 749 1931 804 dum-

57 850 210 907 modo
234 849 383 921 Papa
409 850 717 904 consentiat.
738 847 951 902 —Nam
975 848 1078 903 hoc
1096 846 1215 921 ipso
1241 847 1388 920 quod
1411 864 1701 906 assensum
1725 852 1945 921 praestet

57 946 335 1003 Romanus
359 945 625 1011 Pontifex,
669 946 788 1002 vult
823 946 1272 1002 convocationem
1308 946 1552 1018 legitime
1579 946 1666 1008 ,sic
1704 946 1824 1002 fieri
1850 962 1947 1020 per

58 1043 478 1117 imperatorem;
525 1048 578 1099 et
619 1043 719 1098 hoc
759 1042 878 1115 ipso
920 1041 1186 1114 implicite
1225 1042 1613 1116 imperatorem
1647 1042 1713 1097 ad
1751 1043 1807 1098 id
1854 1042 1948 1098 de.-

59 1141 229 1215 legat3
279 1147 332 1199 et
366 1141 470 1196 hoc
493 1141 634 1213 ⁴ipso
673 1139 988 1196 convocatio
1023 1138 1083 1192 fit
1121 1139 1445 1194 auctoritate
1472 1139 1774 1208 Pontificia,
1818 1141 1948 1197 licet

61 1240 340 1296 mediante
383 1243 437 1294 et
474 1236 684 1293 brachii
733 1234 1013 1293 saecularis
1055 1236 1326 1291 auxilium
1373 1241 1666 1309 praestante
1707 1237 1949 1311 impera-

61 1343 199 1394 tore.

89 1441 98 1448 ”
138 1434 421 1487 Pnoposmo
457 1430 562 1486 111³.
586 1429 811 1485 —Licet
852 1428 1119 1484 concilium
1154 1427 1473 1498 illegn'timum
1515 1432 1661 1485 initio
1690 1432 1848 1502 suerit
1879 1433 1940 1486 ob

64 1530 259 1600 factam
298 1531 410 1582 sine
450 1529 757 1582 auctoritate
795 1527 950 1599 Papae
987 1528 1420 1594 convocationem,
1451 1535 1626 1599 potest
1667 1529 1947 1600 leqitimnm

67 1628 201 1698 fieri,
230 1626 621 1697 superveniente
644 1625 915 1696 Pontificio
943 1625 1327 1679 ratihabitione.
1344 1615 1646 1681 —Nam'ex
1673 1645 1779 1698 quo
1805 1627 1947 1700 Papa

70 1739 405 1778 consensum
434 1726 671 1793 praestat,
711 1727 763 1776 et
804 1721 950 1794 quod
986 1726 1271 1794 peractum
1307 1726 1391 1776 est
1423 1727 1605 1776 ratum
1648 1723 1832 1795 habet,
1868 1724 1952 1778 in-

71 1819 305 1876 tervenit
342 1820 622 1874 Pontiticia
667 1820 990 1890 auctoritas,
1042 1838 1103 1875 ac
1147 1819 1375 1893 proinde
1415 1820 1712 1876 concilium
1761 1822 1952 1896 incipit

75 1934 191 1973 esse
223 1917 554 1989 legitimum.

151 2015 429 2069 Pnoposmo
463 2015 566 2068 ΙΨ.
601 2048 668 2055 -
703 2015 981 2071 Concilium
1019 2018 1166 2070 initio
1211 2016 1509 2086 quitimum,
1548 2019 1592 2070 si
1630 2018 1956 2071 continuetur

73 2119 192 2184 post
227 2113 621 2182 pronuntiatam
663 2130 694 2166 a
733 2112 880 2183 Papa
918 2113 1327 2176 dissolutionem,
1369 2114 1545 2165 statim
1587 2113 1756 2166 evadit
1793 2113 1955 2182 illeqi-

10 2217 17 2286 ζ,
82 2210 278 2263 timum.
307 2242 381 2248 —
406 2209 539 2263 Nam
585 2209 1003 2265 dissolutionem
1045 2208 1475 2282 pronuntianda,
1524 2227 1643 2265 sese
1680 2210 1960 2265 Romanus

11 2309 15 2372 j
79 2305 322 2362 Pontifex
351 2325 379 2362 e
401 2308 633 2362 concilio
662 2308 911 2363 retrahit.
943 2307 1177 2364 Proinde
1203 2312 1450 2364 remanet
1476 2308 1773 2363 concilium
1802 2316 1959 2364 trun-

84 2409 266 2458 catum
293 2402 470 2475 capite
497 2422 620 2474 su0,
653 2410 706 2458 et
735 2404 850 2476 jam
882 2398 1030 2460 caret
1053 2406 1285 2460 Romani
1307 2404 1581 2460 Pontificis
1608 2406 1955 2474 auctoritate,

14 2498 17 2565 ἶ
86 2499 204 2554 sine
227 2515 332 2571 qua
365 2498 670 2570 legitimum
709 2518 828 2556 esse
857 2501 1066 2572 nequit.
1905 2560 1912 2567 ,

14 2576 17 2607 ³
159 2595 548 2666 Pnorosmo-Vffi
571 2628 639 2636 —
662 2597 735 2652 Ab
762 2599 1156 2670 imperatoribus
1195 2607 1472 2653 convocata
1504 2600 1719 2654 concilia
1747 2618 1962 2654 oeciime-

16 2746 19 2766 ³
87 2710 223 2755 nica,
264 2694 341 2746 vel
383 2711 494 2748 cum
534 2695 754 2750 Romani
790 2696 1056 2768 Pontificis
1093 2715 1343 2752 consensu
1385 2706 1663 2752 convocata
1703 2707 1844 2761 sunt,
1890 2699 1968 2752 vel

14 2773 20 2846 ³,
88 2807 351 2861 nunquam
390 2798 595 2862 recepta
631 2800 752 2846 sunt
795 2801 847 2846 ut
882 2794 1129 2863 lessitima.
1152 2795 1316 2846 —Ex
1352 2794 1653 2848 octodecim
1690 2794 1962 2858 conciliis,

91 2893 238 2944 certo
257 2887 609 2942 oecumenicis
630 2905 692 2942 ac
715 2889 999 2961 legitimis,
1022 2890 1089 2943 ad
1115 2891 1255 2944 hanc
1276 2908 1458 2962 usque
1484 2890 1630 2945 diem
1654 2890 1963 2955 celebratiS,

94 3001 183 3040 sex
204 2984 272 3038 ab
295 2984 722 3056 imperatoribus
748 2986 952 3061 indicta
971 2993 1118 3055 sunt,
1141 2994 1333 3043 caetera
1352 3006 1480 3043 vero
1499 3007 1526 3042 a
1547 2989 1810 3044 Romanis
1838 2989 1970 3043 Pon·

94 3080 351 3135 tificibus.
371 3081 535 3136 Porro
563 3081 616 3135 in
642 3082 752 3137 illis
771 3101 884 3152 sex,
908 3083 1303 3157 imperatorum
1324 3086 1482 3158 jussu
1502 3086 1831 3151 convocatis,
1857 3092 1972 3142 ce'r—

21 3254 24 3257 ·
98 3180 215 3230 tum
247 3181 328 3231 est
357 3176 715 3234 intervenisse
741 3179 972 3235 Romani
998 3181 1273 3238 Pontificis
1295 3200 1656 3238 consensum.

22 3267 25 3274 ’
173 3272 454 3327 Nicaenum
499 3274 518 3326 Ι
552 3277 864 3332 convocavit
902 3278 1127 3350 quidem
1167 3279 1558 3335 Constantinus
1590 3281 1832 3352 Magnus:
1878 3280 1971 3334 sed

100 3386 371 3425 consensu
394 3375 447 3425 ct
472 3372 1048 3430 auctoritatevRomani
1073 3378 1349 3434 Pontiticis
1378 3378 1654 3451 Sylvestri.
1687 3377 1974 3448 Colligitur

23 3487 24 3490 ¹
100 3483 165 3521 ex
190 3466 276 3521 his
301 3466 482 3521 verbis
509 3467 712 3524 Ruffini
744 3471 926 3543 (Hist.,
956 3472 1097 3528 libro
1121 3475 1182 3541 X,
1217 3495 1336 3549 cap.
1371 3461 1407 3547 xj
1436 3497 1446 3528 ε
1482 3496 1508 3526 «
1535 3476 1670 3529 Tum
1698 3475 1791 3528 ille
1816 3475 1972 3547 (Con—

22 3581 27 3612 e
103 3562 426 3634 staulinus),
481 3580 544 3619 ex
591 3563 943 3623 Sacerdotum
980 3572 1274 3636 sententia,
1318 3571 1463 3645 apud
1504 3570 1700 3626 urbem
1740 3571 1974 3627 Nicaeam

339 3680 407 3713 m.
1689 3673 1743 3720 24
