2340 4062
877 313 1007 362 PARS
1034 312 1253 366 QUARTA.
1949 308 2005 355 87

132 428 338 485 scholae
367 443 430 482 eo
459 422 756 480 internosci
780 421 937 478 docet
956 439 986 477 a
1015 419 1210 477 scholae
1237 417 1610 494 opinionihm,
1647 416 1793 490 quod
1816 415 2014 490 placita

140 525 376 599 quidem
405 523 563 578 firmo
582 518 790 595 judicio
821 522 992 584 stent;
1034 534 1135 574 nec
1157 517 1277 574 sine
1299 534 1547 574 censurae
1570 520 1700 572 nota
1730 514 1769 570 ii
1795 514 2015 571 elaban-

138 627 231 677 tur
276 621 370 693 qui
414 619 483 675 ab
525 617 613 673 his
657 613 1030 672 discesserint.
1075 614 1141 668 At
1183 613 1332 670 inter
1374 611 1730 670 scholasticos
1779 609 2014 684 alicujus

139 723 288 773 certe
329 713 567 771 nominis
609 709 757 785 (quis
786 708 935 766 enim
971 714 1234 782 praestare
1274 727 1467 766 omnes
1497 710 1715 777 audeat,
1749 714 1845 764 aut
1885 725 2015 763 vero

141 814 329 886 legere
351 810 499 880 velit,
522 824 660 881 quos
683 805 752 862 ad
778 805 1258 862 contaminandam
1282 807 1463 879 potius
1486 824 1649 880 quam
1677 806 1745 861 ad
1774 811 2012 863 tractan-

142 913 267 967 dam
286 907 610 981 theologiam
630 905 762 962 dirae
787 902 1131 978 intemperiae
1148 908 1297 958 tanto
1321 922 1553 960 numero
1579 903 1840 976 egerint‘2)
1872 902 2016 958 inter

147 1011 288 1076 illos,
319 1007 563 1080 inquam,
602 1003 879 1060 neminem
907 1000 1150 1057 invenies
1174 1001 1267 1074 qui
1298 1000 1365 1055 ad
1385 1001 1512 1057 fidei
1539 1002 1790 1073 dogmata
1814 1001 2021 1057 referat

143 1125 266 1165 eam
293 1122 452 1179 quam
479 1101 835 1176 pontificibus
861 1099 1116 1156 tribuunt
1140 1098 1196 1152 in
1214 1098 1553 1171 deponendis
1579 1099 1851 1154 haereticis
1878 1098 2020 1171 regi-

146 1207 249 1263 bus
275 1207 613 1277 potestatem.
645 1199 792 1264 Quod
826 1215 953 1271 ergo
977 1197 1067 1251 hic
1091 1195 1359 1263 sentiunt,
1384 1196 1454 1251 ad
1479 1194 1791 1268 opinioneS,
1821 1212 1928 1248 non
1954 1195 2023 1250 ad
2055 1191 2057 1193 ’

145 1301 334 1377 placita
384 1300 590 1355 scholae
632 1297 909 1372 pertinere
954 1296 1212 1351 constat¹.
1252 1315 1278 1346 »
1324 1283 1565 1363 (Edition
1617 1292 1772 1348 Lebel
1794 1335 1809 1362 ,
1853 1292 2018 1360 1817,

146 1404 187 1454 t.
216 1397 402 1466 xxxn,
430 1415 484 1470 p.
516 1394 633 1466 74.)

221 1496 594 1566 Respondetar.
636 1524 712 1533 —
749 1490 858 1546 Niti
892 1490 1253 1564 objectionem
1294 1489 1513 1544 duobus
1558 1487 1705 1543 salsis
1749 1488 2018 1544 assertis:

148 1594 200 1649 10
236 1593 434 1647 salsum
469 1596 551 1647 est
584 1589 933 1646 Melchiorem
964 1588 1172 1643 Canum
1212 1587 1462 1642 docuisse
1490 1586 1635 1658 quod
1664 1586 1773 1660 ipsi
1811 1586 2026 1658 affingit

147 1690 390 1759 Bossuet⁷
439 1688 717 1753 videlicet3
772 1686 1079 1743 doctrinam
1132 1686 1329 1741 scholae
1390 1684 1700 1740 hahendam
1756 1702 1878 1740 esse
1925 1702 2024 1758 pro

152 1788 370 1858 simplici
410 1789 666 1857 opinione,
707 1802 813 1839 non
841 1790 1024 1839 autem
1056 1802 1155 1857 pro
1186 1789 1336 1838 certo
1367 1785 1625 1855 doqmate,
1661 1783 1771 1838 nisi
1809 1788 2027 1839 contra-

151 1885 287 1939 riam
328 1883 653 1938 sententiam
680 1882 929 1937 doctores
971 1881 1154 1953 aliqua
1186 1899 1430 1937 censurae
1459 1886 1586 1937 nota
1614 1881 2019 1954 perstringant3

154 1981 210 2035 2⁰
234 1982 372 2035 salso
407 1980 610 2052 pariter
637 1978 834 2035 asserit
861 1978 1112 2049 Bossuet‚
1141 1995 1210 2032 ne
1243 1995 1419 2032 unum
1450 1977 1671 2049 quidem
1697 1978 1842 2033 inter
1869 1980 2026 2032 scho-

163 2077 378 2131 lasticos
406 2075 637 2148 reperiri
670 2074 907 2146 alicujus
932 2074 1196 2142 nominis,
1229 2074 1323 2146 qui
1352 2075 1603 2148 papalem
1636 2092 1791 2147 reges
1815 2075 2030 2130 haereti-

149 2191 238 2229 cos
266 2173 569 2246 deponendi
603 2178 923 2244 potestatem
950 2174 1017 2227 ad
1033 2173 1152 2244 fidei
1186 2173 1425 2244 cloymata
1450 2176 1662 2245 reserat.

224 2270 281 2324 10
303 2268 519 2323 Falsum
542 2268 809 2340 probatur
828 2268 982 2341 prius
1012 2273 1285 2323 assertum
1310 2268 1603 2324 Bossuetii.
1627 2302 1698 2309 —-
1722 2269 2032 2324 Melchioris

68 2440 72 2447 Ι
152 2366 280 2421 Cani
309 2365 554 2420 doctrina
596 2365 662 2419 de
697 2364 1015 2419 discrimine
1048 2363 1193 2420 inter
1226 2364 1503 2437 simplices
1538 2367 1804 2436 opiniones
1833 2366 2031 2420 scholae

151 2469 205 2519 et
234 2465 350 2535 ejus
379 2465 671 2517 constantia
698 2463 901 2517 decreta
926 2480 1022 2518 seu
1037 2464 1255 2535 judicia,
1277 2462 1391 2517 haec
1424 2469 1501 2518 est
1528 2485 1538 2516 ε
1572 2464 1626 2518 10
1651 2464 1812 2518 Docet
1843 2481 2030 2518 revera

161 2559 576 2631 distinguendas
599 2577 720 2614 esse
756 2559 955 2614 scholae
976 2561 1242 2631 opiniones
1265 2560 1333 2614 ab
1350 2560 1468 2632 ejus
1502 2559 1667 2616 certis
1702 2565 1754 2614 et
1781 2566 2033 2615 constan-

160 2656 304 2710 tibus
335 2657 561 2727 judiciis.
598 2656 651 2710 Si
675 2655 898 2728 quidem
925 2655 1066 2711 libro
1087 2656 1214 2725 vln,
1238 2657 1412 2731 capite
1434 2677 1484 2722 v,
1513 2657 1644 2712 dicit
1681 2658 1949 2731 quosdam
1976 2658 2031 2712 in

153 2771 216 2807 eo
247 2770 449 2820 errare,
500 2754 634 2825 qnod
677 2753 861 2808 schola:
885 2755 1151 2825 opiniones
1192 2773 1224 2808 a
1266 2758 1416 2810 certis
1460 2757 1912 2828 constantilmsqne
1952 2757 2036 2811 cle-

154 2852 302 2903 eretis
328 2868 432 2904 non
471 2859 730 2921 separent.
759 2851 822 2905 Et
866 2851 1012 2924 quod
1045 2851 1122 2907 ihi
1163 2858 1317 2908 vocat
1357 2862 1496 2908 certa
1532 2857 1924 2925 constantiaque
1949 2855 2034 2908 cle-

154 2952 310 3013 creta,
333 2945 493 3017 paulo
518 2953 641 3019 post
668 2951 825 3001 vocat
854 2954 993 3001 certa
1032 2951 1422 3021 constantiaque
1428 2950 1643 3021 judicia.
1671 2950 1727 3003 2⁰
1754 2950 2032 3004 Omnimo-

153 3042 275 3097 dam
296 3043 405 3097 vim
438 3043 703 3116 probandi
731 3043 924 3099 tribuit
950 3045 1150 3101 scholae
1164 3048 1392 3118 judiciis,
1419 3065 1530 3102 non
1556 3053 1740 3104 autem
1777 3051 2030 3120 opinioni-

158 3140 267 3195 bns.
296 3142 348 3196 5⁰
374 3141 533 3196 Docet
565 3141 884 3198 unanimem
910 3143 1114 3199 scholae
1139 3146 1465 3200 sententiam
1490 3163 1590 3219 pro
1616 3163 1769 3201 mera
1793 3148 2033 3218 opinione

155 3253 276 3293 esse
299 3239 624 3310 habendam,
650 3241 866 3313 quando
897 3241 1166 3312 doctores,
1190 3263 1248 3299 re
1271 3246 1501 3300 nondam
1525 3247 1655 3301 satis
1683 3246 1750 3300 ad
1785 3244 2031 3316 liquidnm

216 3439 230 3464 ¹
258 3442 315 3482 Ad
339 3443 449 3485 hunc
465 3446 666 3489 Bossuetii
684 3450 822 3492 locum
842 3451 902 3492 sic
919 3451 1089 3494 adnotat
1105 3454 1365 3496 clarissimus
1387 3454 1559 3495 Bianchi
1587 3453 1719 3508 (della
1735 3451 1900 3492 Potest&
1913 3446 2029 3487 della

164 3507 330 3559 Cltic’w,
358 3514 387 3548 t·
409 3509 440 3557 Ι,
465 3523 504 3562 p.
528 3512 617 3562 120,
639 3515 779 3558 Romae
806 3515 953 3570 1⁷45):
988 3531 1008 3557 (ι
1036 3519 1096 3559 En
1113 3521 1282 3571 pax-lant
1305 3521 1426 3568 ainsi,
1451 3522 1625 3562 Bossuet
1641 3520 1715 3560 fait
1731 3518 1820 3558 voir
1841 3527 1894 3555 ou
1921 3513 2027 3565 qu'il

163 3574 231 3614 n'a
253 3573 403 3624 jamnis
423 3588 471 3616 su
492 3588 539 3618 ce
560 3589 640 3631 que
656 3580 795 3623 c'etait
823 3585 976 3636 qu’une
997 3585 1163 3638 opinion
1186 3586 1236 3627 de
1252 3587 1410 3635 recole,
1433 3599 1488 3629 ou
1513 3586 1616 3638 qu'il
1635 3587 1703 3625 n'a
1727 3582 1845 3634 point
1865 3581 1910 3622 lu
1930 3580 2028 3623 Mel-

163 3641 286 3682 chior
310 3641 432 3690 Cano,
457 3654 563 3695 pour
584 3657 638 3688 ne
657 3659 729 3700 pas
744 3649 836 3693 dire
856 3651 956 3703 qu’il
974 3662 1025 3695 ne
1047 3651 1102 3695 l’a
1118 3665 1191 3707 pas
1209 3654 1407 3706 compris.
1428 3668 1448 3694 1>
