2340 3990
882 347 1008 395 PARS
1039 345 1256 402 QUARTA.
1446 370 1451 375 ·
1683 350 1694 361 “
1922 342 2006 388 127

130 456 468 530 praesentibus
493 473 646 527 quam
668 455 857 527 futiuis
877 470 973 524 per
993 451 1391 524 subscriptiones
1416 465 1610 514 eorum,
1641 453 1690 501 et
1712 446 2007 502 eorumdem

130 551 299 623 sigilla
337 551 618 622 pendentia
654 552 707 604 in
745 550 944 604 eadem.
979 547 1217 619 (Baluze,
1245 545 1594 615 Miscellanea,
1626 549 1668 599 t.
1707 543 1748 611 1,
1778 561 1833 617 p.
1871 541 2005 611 199,

134 647 296 705 editio
331 647 504 715 Lucae‚
534 645 725 716 1761.)
756 645 1010 699 L'auteur
1046 661 1151 715 que
1173 661 1314 699 nous
1348 660 1553 699 venons
1580 642 1647 697 de
1671 640 1808 696 citer
1835 656 1895 696 56
1928 639 2009 695 dit

131 761 345 818 presque
366 740 780 814 contemporain
809 740 875 795 de
903 739 1232 811 l'empere'ur
1260 739 1438 795 Othon
1478 739 1561 807 IV,
1600 755 1660 794 66
1681 737 1774 811 qui
1803 754 2011 811 prouve

136 841 270 916 qu’il
293 838 421 896 etait
453 837 863 910 contemporain
905 854 974 891 ou
1011 838 1039 890 a
1083 853 1187 909 peu
1217 838 1344 909 pres
1373 836 1694 891 d’lnnoeent
1719 834 1779 889 IV
1805 836 1939 891 dont
1970 835 2011 890 il

140 938 272 996 ecrit
301 937 350 992 la
385 937 488 991 vie.
522 934 570 1009 ,11
604 934 721 989 faut
747 934 1006 988 convenir
1041 950 1148 1004 que
1189 930 1277 986 s’il
1314 930 1456 986 avait
1490 949 1672 987 eonnu
1711 950 1811 1006 pal·
1844 933 2016 1005 esprit

141 1032 492 1109 prophetique
523 1029 835 1104 l'ohjection
870 1029 937 1084 de
972 1029 1202 1084 Bossuet
1228 1034 1281 1084 et
1306 1026 1441 1101 qu'il
1466 1032 1561 1083 631
1597 1030 1765 1084 voulu
1790 1030 1842 1083 la
1866 1030 2014 1086 refu·
2074 1057 2088 1067 -

141 1138 221 1189 166
240 1131 510 1196 d’avance,
542 1129 583 1184 il
602 1126 843 1184 n'aurait
869 1144 964 1201 pas
983 1125 1166 1180 mieux
1188 1127 1385 1180 tourne
1404 1143 1506 1179 son
1527 1125 1686 1180 66611.
1707 1125 1861 1181 Ainsi
1887 1131 2012 1183 tous

140 1228 216 1283 les
239 1218 476 1300 Eveques
516 1227 591 1282 du
629 1223 838 1281 concile
879 1225 1206 1296 apposerent
1243 1220 1394 1275 leurs
1426 1219 1740 1292 signatures
1767 1227 1819 1276 et
1858 1223 2011 1278 leurs

136 1341 333 1380 sceaux
358 1324 458 1379 313
476 1328 724 1379 sentence
744 1322 809 1376 de
834 1318 1165 1393 deposition‚
1198 1322 1251 1373 et
1279 1322 1404 1372 tous
1429 1320 1833 1390 approuverent
1870 1324 2009 1374 cette

138 1429 408 1478 sentence.
441 1422 484 1476 ll
511 1439 579 1476 ne
605 1438 725 1476 5663
763 1438 855 1493 pas
893 1418 1088 1479 inutile
1113 1417 1381 1489 d'ajouter
1409 1415 1478 1471 ici
1505 1415 1585 1471 les
1621 1417 1915 1473 reflexions
1942 1418 2010 1473 de

136 1523 221 1572 661
238 1523 431 1573 auteur
457 1516 866 1590 contemporain
892 1533 988 1570 sur
1014 1515 1062 1570 le
1086 1514 1319 1588 pouvoir
1340 1514 1534 1586 qu'ont
1551 1514 1627 1569 les
1646 1514 1811 1588 Papes
1835 1516 1900 1570 de
1917 1517 2009 1570 de-

141 1629 299 1685 poser
317 1613 395 1667 les
419 1612 740 1669 souverains
764 1634 773 1663 2
797 1613 1130 1669 Notissimum
1154 1630 1394 1683 namque,
1412 1611 1573 1676 dit-il,
1597 1619 1646 1666 et
1663 1613 2007 1669 indubitatum

140 1717 217 1762 est
239 1711 370 1780 quod
386 1711 532 1764 multi
551 1710 895 1764 Romanorum
915 1710 1220 1780 Pontificum
1245 1711 1400 1763 etiam
1421 1727 1518 1780 pro
1538 1712 1819 1765 ‘minoribus
1838 1713 2007 1766 causis

143 1804 413 1857 nonnullos
463 1806 791 1875 imperatores
837 1812 885 1857 et
916 1822 1055 1874 reyes
1092 1822 1196 1858 nou
1231 1813 1430 1859 tantum
1474 1810 2005 1877 excommunicarimt,

139 1901 232 1954 sed
249 1919 280 1954 a
302 1918 453 1971 reyno
467 1902 828 1973 deposuerunt,
853 1908 900 1954 et
926 1903 977 1954 in
1000 1919 1173 1955 eorum
1191 1902 1312 1955 Iocis
1331 1902 1459 1956 ulios
1475 1904 1837 1973 subroyurunt.
1870 1906 1911 1959 11
1938 1923 2008 1960 en

139 1996 244 2052 cite
266 1998 401 2052 neus
418 1998 688 2070 exemples
715 2005 767 2053 et
791 1997 1010 2052 conclut
1032 1998 1203 2053 ainsi:
1226 1997 1349 2063 Quis
1375 2017 1492 2068 erqo
1518 2002 1618 2053 uisi
1638 2009 1806 2055 mente
1829 2010 2007 2073 eaptus

139 2094 340 2161 iquorat
360 2101 666 2163 potestatem
704 2097 1028 2165 imperatoris
1053 2103 1100 2149 et
1126 2113 1300 2165 reglum
1324 2096 1654 2167 Pontificibus
1681 2115 1791 2152 esse
1819 2100 2011 2170 subjec-

140 2192 279 2242 tam?
305 2189 369 2243 Et
396 2192 507 2260 quis
541 2192 700 2244 credit
735 2210 764 2244 u
801 2192 1112 2261 subjectione
1139 2194 1358 2248 Romani
1383 2194 1648 2266 Pontifieis
1673 2214 1728 2250 se
1753 2215 1862 2250 esse
1892 2198 2012 2251 alie-

133 2302 278 2355 ·num,
298 2288 395 2340 nisi
414 2289 495 2357 qui
510 2290 732 2358 peccatis
758 2291 864 2341 suis
893 2291 1207 2358 eutium-tibus
1235 2292 1370 2344 inter
1389 2308 1505 2345 oves
1537 2292 1725 2346 Christi
1738 2304 2010 2365 pastorum

133 2384 376 2454 principis
405 2402 506 2438 non
523 2388 707 2440 meru-it
730 2388 1028 2440 numerari?
1065 2386 1223 2451 (Loco
1243 2388 1403 2442 modo
1427 2388 1633 2457 citato.)
1656 2423 1726 2430 —
1743 2394 1798 2445 4⁰
1816 2393 2008 2456 Quand

139 2483 314 2534 meme
339 2497 478 2535 nous
502 2500 569 2537 ne
591 2482 839 2537 saurions
867 2501 963 2556 pas
989 2502 1096 2556 que
1118 2489 1242 2540 tous
1266 2485 1346 2540 les
1363 2486 1525 2541 Peres
1553 2488 1948 2545 souserivirent
1979 2493 2008 2545 a

139 2573 190 2628 la
216 2582 463 2632 sentence
480 2583 532 2634 et
550 2597 578 2651 y
598 2583 925 2652 apposerent
950 2580 1100 2636 leurs
1118 2599 1338 2646 seeaux,
1362 2582 1483 2638 leur
1507 2582 1773 2639 adhesion
1800 2586 2010 2643 devrait

137 2674 252 2726 etre
272 2678 433 2728 tenue
445 2693 580 2748 pour
596 2676 836 2732 certaine
852 2676 1067 2750 d‘apres
1085 2677 1404 2734 l’ensemble
1423 2680 1534 2757 „des
1572 2684 2002 2742 6166035133665.

137 2766 248 2822 Elle
269 2770 470 2825 resulte
488 2771 853 2828 evidemment
881 2775 954 2829 du
981 2792 1207 2848 passage
1234 2775 1300 2830 de
1329 2775 1380 2830 la
1409 2783 1665 2834 sentence
1689 2782 1758 2834 οὺ
1790 2781 1842 2836 16
1868 2783 2005 2856 Pape

134 2859 344 2916 (1661366
370 2862 502 2934 qu‘il
530 2864 656 2920 n'en
687 2865 833 2922 vient
864 2871 893 2924 a
926 2875 1065 2927 cette
1107 2889 1329 2927 mesure
1362 2877 1607 2928 extreme
1642 2873 1897 2948 qu'apres
1934 2895 2003 2932 en

132 2956 279 3011 avoir
311 2946 590 3015 rnuremeut
627 2963 851 3019 de'libe're'
886 2985 1005 3022 aveo
1036 2986 1116 3022 ses
1138 2971 1300 3040 freres
1328 2970 1399 3024 les
1441 2959 1669 3042 Eve'ques
1700 2974 2003 3030 assembles

131 3068 198 3106 en
222 3053 428 3110 concile
454 3077 464 3108 ε
494 3056 599 3111 Nos
629 3061 802 3130 itaque
827 3080 981 3134 super
1000 3067 1283 3135 praemissis
1309 3075 1359 3120 et
1385 3068 1727 3138 compluribus
1754 3071 1869 3124 aliis
1896 3073 2001 3141 ejus

131 3151 363 3219 nefandis
387 3156 692 3226 excessibus,
726 3176 837 3213 cum
860 3162 1107 3232 fratribus
1136 3166 1331 3218 vnostris
1363 3173 1412 3219 et
1452 3184 1600 3220 sucro
1636 3168 1847 3222 concilio
1883 3169 2003 3222 deli-

134 3243 385 3302 beratioue
407 3254 692 3321 praehabita
721 3257 971 3328 (ΙὶΙὶρεηίἱ,
1000 3279 1113 3315 oum
1142 3262 1268 3316 Jesu
1301 3262 1489 3318 Christi
1510 3266 1660 3333 vices,
1683 3266 1798 3319 lieet
1832 3269 2002 3319 imme·

135 3339 219 3392 riti
243 3347 497 3400 teneamus
527 3350 579 3402 in
610 3354 777 3419 term,
795 3356 1038 3427 nobisque
1070 3359 1123 3411 in
1150 3358 1213 3412 B.
1246 3358 1386 3413 Petri
1414 3361 1650 3431 Apostoli
1682 3379 1906 3432 persona
1929 3362 1998 3413 sit

134 3434 322 3490 dictum
367 3443 707 3516 quodcumque
742 3448 997 3522 li9averis‚
1032 3459 1137 3510 616.
1187 3455 1417 3511 Bossuet
1454 3455 1534 3511 dit
1577 3459 1607 3511 a
1644 3458 1759 3512 cela
1797 3473 1904 3526 que
1945 3456 1997 3510 le

128 3532 341 3588 concile
369 3534 563 3593 n'avait
597 3541 830 3601 delibem}
860 3566 969 3620 que
993 3568 1093 3605 sur
1122 3552 1204 3608 les
1221 3555 1376 3608 exces
1403 3558 1456 3607 et
1494 3553 1572 3607 les
1614 3552 1903 3606 desordrns
1928 3552 1996 3608 de

130 3622 398 3693 FrederiC,
427 3645 552 3686 sans
573 3636 798 3693 toucher
821 3657 891 3695 au
922 3643 1074 3716 point
1096 3645 1164 3701 de
1188 3665 1245 3702 sa
1275 3647 1602 3720 deposition.
1626 3645 1754 3700 Mais
1781 3646 1819 3702 il
1841 3647 1993 3703 suffit
