2352 4126
875 957 1267 1037 SECTIO
1356 956 1385 1030 I

375 1209 928 1279 ARGUMENTUM
966 1223 1074 1270 EX
1109 1219 1449 1270 nmmum
1485 1216 1897 1266 CONSENSU

196 1321 619 1373 DOCTORUM
647 1313 1291 1370 cATnomcoRuM,
1318 1312 1370 1359 A
1393 1308 1771 1358 TEMPORE
1798 1306 2080 1355 SANCTI

336 1410 770 1467 BERNARDI,
809 1407 959 1456 SEU
997 1406 1050 1453 A
1085 1402 1546 1453 DUODECIMO
1586 1397 1942 1455 SAECULO,

670 1497 923 1560 USQUE
960 1496 1062 1544 An
1099 1493 1379 1544 Annum
1423 1490 1593 1540 1626

271 1807 385 1860 Duo
415 1805 506 1858 hie
532 1801 922 1876 expendenda:
953 1800 1158 1874 p1·im0‚
1183 1816 1305 1873 quae
1324 1798 1494 1854 tuerit
1509 1799 1775 1852 doctorum
1789 1794 1982 1851 scholae
2017 1792 2085 1848 de

199 1901 460 1977 praesenti
490 1900 787 1973 quaestione
814 1898 1110 1959 sententian
1142 1898 1407 1965 secundo,
1428 1914 1550 1970 quae
1573 1895 1652 1951 vis
1674 1894 1939 1968 probandi
1964 1910 2084 1949 sen-

198 1999 381 2055 tentiae
419 1997 547 2052 huie
599 1996 881 2051 inhaereat.
936 1993 1198 2056 Quamvis
1239 2001 1421 2048 autem
1458 1992 1637 2047 schola
1670 1991 1890 2064 proprio
1938 1989 2086 2044 dieta

200 2092 424 2148 initium
448 2109 476 2145 a
523 2090 786 2162 Magistro
809 2088 1229 2152 sententiarum,
1254 2105 1352 2142 seu
1373 2087 1528 2141 Petro
1553 2087 1873 2149 Lomba1·dO‚
1905 2102 2089 2156 sump-

202 2191 352 2260 serit,
405 2189 685 2263 ejusmodi
730 2195 915 2245 tamen
960 2186 1390 2260 explorationem
1422 2186 1588 2258 paulo
1610 2185 1779 2241 altius
1813 2182 2090 2239 inchoabi-

199 2307 349 2358 mus,
378 2288 435 2342 id
461 2293 593 2343 esta
626 2285 951 2342 duodecimo
980 2284 1197 2339 saeculo,

289 2519 312 2570 g
335 2519 374 2558 1.
394 2541 445 2547 —
466 2518 660 2559 Doctrina
681 2518 813 2561 sancti
830 2519 1033 2560 Bernardi
1048 2533 1058 2567 ;
1076 2542 1129 2549 --
1148 2519 1293 2559 inanes
1316 2517 1516 2559 Bossuetii
1539 2522 1649 2557 artes
1674 2517 1725 2557 ad
1747 2517 1995 2558 eludendam

938 2585 1030 2637 ejus
1047 2586 1347 2627 auctoritatem.

278 2728 464 2782 Tamus
502 2729 541 2782 I.
579 2762 647 2769 —
681 2750 707 2780 «
745 2729 887 2784 Audi
922 2734 1103 2784 tamen
1139 2729 1465 2803 Apostolum
1506 2728 1638 2801 quid
1664 2727 1730 2782 de
1776 2726 2092 2800 hujusmodi

211 2825 285 2896 (id
307 2832 410 2893 est,
444 2827 521 2905 De
548 2830 764 2899 neqotiis
795 2829 1183 2902 temporalibus)
1210 2829 1412 2884 sentiat
1438 2850 1448 2881 :
1477 2829 1564 2884 Sic
1596 2846 1703 2882 non
1737 2835 1814 2882 est
1838 2830 1977 2882 inter
2002 2845 2092 2882 vos

200 2926 432 2996 sapiens,
464 2925 538 2980 ait
564 2925 679 2996 ille,
707 2929 795 2998 qui
812 2929 1013 3000 judicet
1035 2930 1173 2984 inter
1195 2929 1420 2999 fratrem
1446 2937 1491 2982 et
1513 2928 1762 2996 fratrem?
1789 2927 1852 2980 Et
1883 2926 2053 2981 infert
2076 2947 2086 2978 ε

199 3022 281 3076 Ad
315 3024 654 3093 iqnominiam
681 3025 822 3080 vobis
840 3026 977 3081 dieo:
999 3026 1484 3100 contemptibiliores
1508 3028 1591 3097 qui
1614 3033 1735 3080 sunt
1760 3027 1813 3079 in
1830 3024 2083 3090 Ecclesia,

202 3119 324 3175 illos
351 3124 641 3178 constituite
658 3124 1094 3195 adjudicandum.
1115 3125 1302 3197 Itaque
1329 3124 1635 3180 seeundum
1654 3123 1975 3197 Apostolum
2003 3122 2088 3175 in-

203 3217 370 3290 digne
388 3221 486 3276 tihi
514 3239 766 3296 usurpaS‚
798 3228 862 3280 tu
884 3223 1248 3297 ApostoliCUS‚
1278 3223 1522 3279 officium
1549 3223 1676 3291 vile,
1710 3222 1941 3294 gradum
1964 3237 2091 3276 eon-

208 3317 674 3388 temptibilium...
703 3319 812 3393 Ego
831 3325 1014 3377 autem
1031 3339 1195 3395 parco
1222 3321 1342 3378 tibi.
1370 3321 1487 3376 Non
1509 3320 1657 3376 enim
1688 3320 1848 3375 fortia
1869 3321 2088 3391 loquor,

213 3411 307 3465 sed
333 3415 630 3484 possibilia.
660 3416 921 3475 Putas-ne
951 3419 1066 3474 haee
1096 3425 1346 3494 tempora
1379 3419 1741 3483 sustinerent,
1774 3418 1819 3473 si
1852 3412 2091 3471 homini-

216 3502 248 3555 h
260 3520 325 3557 us
351 3505 691 3579 litigantibus
714 3529 815 3584 pro
847 3518 1064 3569 terrena
1088 3514 1408 3571 haereditate
1444 3522 1495 3571 et
1520 3514 1893 3587 flagitantibus
1921 3509 2018 3563 abs
2047 3511 2099 3562 te

206 3597 516 3669 judicium,
548 3624 680 3662 voce
702 3607 919 3665 Domini
943 3611 1026 3666 tui
1051 3612 1413 3686 responderes
1446 3635 1457 3666 :
1504 3612 1546 3668 Ο
1576 3614 1830 3673 homines,
1870 3607 1982 3677 quis
2022 3622 2102 3660 me

214 3697 478 3752 constituit
498 3700 732 3770 judicem
747 3723 906 3777 super
922 3707 1045 3762 vos?
1070 3706 1130 3763 In
1149 3706 1310 3780 quale
1330 3713 1388 3763 tu
1407 3707 1681 3780 judicium
1709 3720 1834 3758 mox
1851 3699 2102 3758 venires?
