2340 3990
836 327 968 374 PARS
994 325 1216 379 QUARTA.
1246 348 1252 356 ·
1469 395 1474 398 ᾖ
1779 353 1785 357 -
1905 321 1993 368 285

99 442 217 506 lat,
255 436 370 492 vult
400 452 522 491 eam
565 433 796 504 destrui,
836 431 1032 505 perimi
1069 436 1123 487 et
1158 429 1476 499 annihilari,
1522 429 1581 486 in
1616 447 1724 503 quo
1764 427 1995 502 praecise

109 534 230 591 odii
250 533 486 590 essentia
515 531 787 591 consistis.
809 530 1039 604 Insuper
1065 529 1111 585 si
1133 529 1286 586 nulla
1309 547 1434 603 spes
1458 527 1719 601 affulgeat
1741 530 1991 600 ereptum

119 631 326 688 bonum
357 627 736 703 recuperandi,
760 644 888 682 cum
906 625 1049 681 dicto
1076 609 1253 683 dolor‘e
1271 635 1323 684 et
1348 628 1467 684 odio
1488 626 1665 683 aderit
1683 623 1855 681 simul
1878 624 1994 691 des·

116 733 340 804 peratiO.
383 726 512 783 Boni
556 741 750 800 parum
796 724 961 779 amati
1004 725 1254 797 privatim
1300 743 1496 800 parum
1541 728 1730 780 cau=at
1766 722 1993 791 doloriS,

65 869 72 875 .
120 827 230 883 odii
271 844 334 882 ac
365 820 778 895 desperationis.
804 822 871 875 At
911 821 1189 876 sibonum
1231 822 1453 895 aliquod
1482 840 1698 891 summe,
1744 822 1893 876 unice
1933 835 1995 874 ac

117 925 406 981 necessario
435 928 650 976 ametur
671 925 733 974 .et
762 924 1069 991 appetatur,
1101 920 1254 974 itlius
1288 919 1651 992 privationem
1679 917 1994 975 necessario

117 1018 472 1091 consequitur
518 1018 674 1072 dolor
717 1032 1001 1081 summm,
1047 1016 1237 1071 odium
1281 1033 1568 1077 summum
1613 1033 1862 1088 personae
1901 1016 1995 1070 bo-

116 1133 250 1172 num
278 1108 379 1170 hoc
420 1115 735 1188 eripientiS‚
773 1121 821 1168 et
861 1130 1076 1168 summa
1108 1113 1432 1183 desperatio.
1465 1113 1538 1168 Ea
1580 1131 1741 1184 porro
1772 1114 1997 1168 damna-

114 1220 295 1269 torum
345 1212 605 1268 conditio.
661 1211 777 1264 Jam
830 1210 999 1265 Deum
1050 1215 1355 1281 agnoscunt
1398 1214 1664 1281 tanquam
1708 1227 1993 1267 summum

115 1310 341 1378 bonum,
373 1315 426 1364 et
464 1297 736 1381 quate‘nus
777 1307 879 1362 tale
918 1307 1105 1379 ipsum
1141 1305 1268 1361 totis
1306 1306 1516 1361 viribus
1562 1305 1745 1371 unice,
1779 1323 1997 1361 summe

114 1424 175 1463 ac
203 1405 507 1461 necessario
541 1409 805 1478 appetunt
835 1423 843 1454 :
883 1420 950 1458 en
990 1421 1244 1458 summus
1275 1403 1366 1458 Dei
1404 1420 1580 1458 amor.
1612 1402 1789 1457 Simul
1811 1408 1996 1458 autem

113 1523 235 1562 cum
269 1503 583 1559 omnimoda
612 1502 943 1558 certitudine
972 1501 1154 1557 sciunt
1197 1519 1255 1556 se
1288 1519 1576 1574 nunquam
1616 1501 1823 1556 bonum
1851 1501 1997 1558 istud

114 1610 504 1660 consecuturos
529 1623 538 1655 :
571 1620 638 1657 en
666 1600 970 1674 desperatio
996 1617 1232 1656 summa.
1271 1600 1336 1653 Et
1362 1600 1581 1655 tandem
1611 1599 1740 1672 quia
1760 1617 1996 1673 persona

115 1720 233 1776 quae
263 1702 362 1756 hoc
401 1701 479 1756 eis
499 1701 706 1755 bonum
730 1698 894 1772 eripit
920 1705 1000 1754 est
1031 1698 1169 1753 Deus
1202 1698 1340 1770 ipse,
1373 1714 1491 1752 sese
1518 1697 1653 1770 ipsis
1682 1697 1962 1770 denegans
1982 1742 1995 1767 ‚

116 1817 239 1855 eum
265 1817 505 1866 summe,
538 1796 844 1852 nece<sario
874 1814 936 1851 ac
976 1796 1033 1851 in
1060 1802 1327 1851 aeternum
1357 1796 1623 1850 duraturo
1659 1795 1783 1850 odio
1812 1814 1997 1868 prose-

117 1904 380 1972 quuntur.
423 1897 549 1959 Qum
592 1896 798 1950 amoris
836 1895 1007 1950 simul
1048 1900 1101 1949 et
1139 1895 1246 1948 odii
1290 1893 1470 1967 quoad
1513 1894 1766 1948 eamdem
1810 1912 1998 1968 perso-

117 2013 240 2051 nam
286 1994 748 2068 compossibilitas
794 1999 969 2066 potest
1011 1993 1176 2048 etiam
1228 2011 1257 2047 e
1300 1992 1552 2064 sequenti
1599 1992 1740 2047 facto
1788 1992 1993 2063 colligi.

115 2094 263 2148 Anno
291 2093 456 2162 1826,
486 2092 707 2165 juvenis
737 2091 963 2164 quidam
994 2091 1259 2163 puellam,
1290 2089 1516 2144 Parisiis
1550 2089 1635 2144 via
1665 2089 1826 2160 vulgo
1854 2089 1995 2144 dicta

115 2188 179 2244 de
215 2189 403 2245 Sevres
438 2190 746 2260 degentem,
785 2190 1141 2243 vehementer
1179 2187 1401 2242 amabat
1442 2192 1494 2241 et
1535 2204 1763 2241 uxorem
1799 2186 2000 2241 ducere

117 2287 441 2358 postulabat.
480 2287 810 2355 lllonendum
848 2305 976 2341 eum
1017 2285 1232 2341 curavit
1267 2283 1476 2358 puella,
1519 2283 1667 2339 nolle
1710 2301 1768 2338 se
1812 2284 2000 2338 matri-

116 2384 362 2439 monium
391 2385 552 2448 inire3
580 2385 808 2457 proinde
842 2385 1015 2457 ipsam
1046 2383 1282 2438 invisere
1315 2383 1613 2438 desineret.
1645 2383 1757 2446 Quo
1791 2382 2001 2449 audito,

111 2482 324 2553 juvenis
355 2482 533 2554 ipsam
568 2483 786 2542 edomo
821 2483 1215 2554 egredientem,
1251 2482 1434 2537 infixis
1465 2482 1629 2537 cultri
1666 2481 1855 2554 viginti
1885 2498 2004 2552 sep·

115 2580 224 2631 tem
266 2556 587 2632 vulneri-bus
628 2578 924 2634 interfecit.
972 2579 1047 2635 lbi
1099 2580 1253 2634 vides·
1307 2579 1363 2633 in
1415 2580 1666 2634 eamdem
1709 2595 2001 2652 personam

117 2690 359 2730 amorem
398 2675 563 2729 simul
591 2681 644 2730 et
669 2676 880 2730 odium.
920 2675 1036 2731 Non
1078 2676 1182 2730 alia
1215 2677 1280 2732 de
1313 2694 1476 2731 causa
1504 2676 1811 2744 occidebat,
1838 2692 2003 2747 quam

117 2771 258 2841 quod
286 2772 638 2828 vehementer
663 2773 903 2838 amabat,
937 2779 988 2828 et
1020 2773 1114 2828 illa
1142 2791 1261 2828 sese
1287 2774 1612 2846 denegabat.

191 2865 358 2936 Igitur
383 2866 529 2936 quod
555 2867 709 2922 docet
744 2867 876 2922 tides
898 2869 964 2922 de
999 2870 1387 2924 damnatorum
1414 2870 1746 2937 conditione,
1794 2869 2000 2923 nedum

115 2961 468 3029 contradicat,
504 2981 733 3035 prorsus
756 2969 970 3018 econtra
996 2965 1230 3035 quadrat
1255 2967 1510 3038 praesenti
1538 2972 1735 3021 nostrae
1767 2968 2002 3040 proposi-

118 3055 273 3120 tioni,
321 3073 519 3129 nempe
559 3057 649 3111 Dei
686 3057 940 3113 homines
979 3058 1265 3114 condentis
1307 3061 1471 3117 tinem
1514 3060 1781 3117 ultimum
1828 3062 1999 3117 fuisse

119 3152 327 3208 dictum
355 3159 620 3208 aeternum
648 3155 974 3227 cognitionis
1007 3162 1059 3211 et
1095 3156 1300 3212 amoris
1331 3164 1536 3224 actum,
1567 3178 1677 3232 quo
1704 3159 2001 3232 unusquis-

117 3266 223 3321 que
250 3251 413 3306 homo
439 3251 512 3330 ad
541 3252 710 3307 Deum
737 3260 998 3326 tanquam
1026 3273 1308 3311 summum
1334 3257 1541 3312 bonum
1572 3258 1844 3315 tenderet.
1870 3259 1997 3322 Quae

118 3345 444 3415 caeteroquin
496 3347 738 3403 doctrina
784 3355 893 3404 tota
941 3350 1207 3424 implicite
1248 3352 1302 3407 in
1349 3354 1451 3410 hoc
1499 3372 1664 3409 sacrae
1700 3353 1995 3426 Scripturae

119 3441 283 3495 verbo
325 3440 633 3496 continetur·
671 3464 683 3498 ε
738 3444 924 3533 Omnia>
941 3456 1158 3520 propter
1196 3454 1523 3523 semetipsum
1557 3461 1803 3522 operatur
1829 3450 1990 3506 Deus,

197 3534 464 3589 Pnorosrrio
501 3535 586 3592 11⁸.
612 3568 681 3578 —
709 3539 846 3595 Deus
889 3543 1049 3597 voluit
1091 3553 1139 3599 et
1187 3548 1415 3602 instituit
1453 3549 1751 3601 societatem
1793 3542 1993 3601 civilem

128 3631 368 3695 tanquam
412 3628 631 3683 medium
672 3633 740 3686 ad
779 3635 933 3703 finem
971 3641 1231 3695 societatis
1276 3642 1569 3696 domesticae
1607 3658 1697 3694 seu
1741 3638 1993 3710 familiae,-
