2352 4126
884 365 1015 411 PARS
1043 363 1262 418 QUARTA.
1960 358 2017 404 29

214 481 409 549 Terti0,
442 496 507 534 ex
541 476 721 533 citatis
761 474 819 530 in
862 473 1183 546 particulari
1224 471 1290 529 de
1321 474 1670 527 exauctorato
1710 467 2027 537 Childerico,

136 580 340 650 verbiS,
371 577 569 633 merito
591 572 872 646 colligitur
896 576 1084 626 sancto
1109 571 1258 627 lvoni
1280 588 1391 626 non
1414 569 1602 625 minus
1624 586 1790 642 quam
1818 566 1873 622 S.
1897 565 2021 622 Gre—

141 678 294 754 gorio
334 676 417 731 Vll
460 671 823 730 indubitatam
848 667 1019 724 fuisse
1061 668 1266 724 hancce
1306 666 1537 723 Romani
1558 663 1831 722 Pontificis
1865 681 2020 736 reges

140 771 446 849 deponendi
471 772 812 844 potestatem.
843 766 978 821 Cum
997 764 1168 830 enim,
1199 783 1297 838 pro
1321 783 1483 838 scopo
1502 764 1589 821 sui
1615 762 1819 836 operis,
1855 761 2023 818 docu-

142 877 326 928 menta
351 887 460 926 non
490 867 619 923 citet
640 866 880 938 integra,
898 862 991 918 sed
1019 880 1109 918 eas
1133 861 1417 916 dumtaxat
1441 867 1622 935 partes
1645 877 1784 935 quas
1812 859 1879 914 ad
1906 878 2023 916 rem

144 970 323 1026 facere
360 964 654 1031 existimat,
695 962 741 1017 si
785 964 1029 1035 putasset
1067 976 1235 1032 supra
1276 957 1506 1013 citatum
1546 960 1732 1016 locum
1775 959 2027 1033 Epistolae

142 1064 318 1122 sancti
350 1060 594 1134 Gregorii
631 1058 715 1114 Vll
749 1075 777 1112 a
812 1075 932 1113 vera
977 1061 1030 1112 et
1068 1054 1370 1110 orthodoxa
1401 1054 1650 1110 doctrina
1692 1056 2025 1125 exorbitare,

147 1166 305 1220 illum
353 1159 544 1234 procul
587 1157 755 1213 dubio
801 1154 1266 1230 praetermisisset.
1315 1153 1488 1224 Igitur
1533 1153 1842 1208 indubitata
1881 1154 2028 1209 lvoni

145 1256 392 1314 Ecclesiae
418 1260 655 1328 potestas
678 1253 734 1307 in
764 1270 879 1307 rem
900 1250 1258 1324 temporalem
1284 1254 1552 1304 statuum.
1571 1251 1656 1318 At,
1676 1250 1722 1304 si
1746 1250 2029 1305 Bossuetio

146 1354 355 1422 credaS,
394 1371 504 1408 non
540 1351 646 1406 alia
685 1350 792 1406 fuit
831 1348 1009 1403 lvonis
1046 1347 1315 1419 doctrina,
1345 1366 1510 1420 quam
1538 1348 1703 1422 primi
1734 1366 1763 1404 e
1791 1353 2031 1420 quatuor

143 1450 393 1505 articulis
410 1449 539 1504 anni
563 1447 734 1504 1682.
765 1446 842 1500 En
869 1446 987 1518 ejus
1012 1445 1386 1500 cavillationes
1417 1466 1428 1497 :

223 1545 401 1599 Prima
421 1545 629 1616 objectio
650 1542 926 1598 Bossuetii.
941 1575 1015 1582 —
1030 1542 1209 1598 Potest
1232 1542 1312 1597 sic
1329 1541 1605 1596 contrabi:
1631 1559 1829 1614 scopus
1853 1542 2031 1596 lvonis

146 1647 264 1698 erat
288 1647 349 1696 ut
367 1640 710 1713 spiritualem
732 1644 1051 1712 potestatem
1067 1638 1380 1694 ostenderet
1397 1639 1646 1708 (Iiyriitctte
1659 1637 2028 1711 superiorem,

154 1746 214 1794 ut
237 1739 430 1813 probat
453 1738 642 1811 capitis
682 1738 899 1792 tituluS.
925 1737 1064 1808 Ergo
1103 1755 1211 1791 non
1248 1736 1554 1791 censendus
1592 1741 1674 1790 est
1701 1735 2033 1808 approbasse

155 1835 397 1908 Gregorii
434 1836 517 1888 Vll
543 1835 851 1907 epistolam,
876 1835 982 1888 nisi
1011 1835 1066 1889 in
1095 1840 1363 1907 quantum
1396 1834 1656 1907 exprimit
1683 1834 1837 1889 illam
1870 1836 2034 1905 diyni-

159 1936 278 1988 talis
307 1932 743 2006 superioritatem
765 1955 774 1992 ;
811 1950 921 1986 non
943 1937 1126 1987 autem
1146 1932 1323 2004 quoad
1341 1933 1466 1986 alia.

231 2030 607 2100 Respomletur.
631 2061 697 2068 -
718 2029 848 2084 Cum
873 2030 923 2083 S.
955 2030 1043 2083 lvo
1065 2029 1132 2082 ad
1157 2030 1492 2102 probandam
1521 2029 1802 2101 dignitatis
1823 2031 2037 2103 Papalis

156 2126 595 2199 superioritatem
627 2126 823 2197 alleget
862 2126 1170 2197 depositum
1209 2145 1238 2180 a
1284 2127 1422 2199 Papa
1463 2127 1634 2182 fuisso
1669 2128 2035 2183 Childericum

154 2223 375 2294 Regem,
407 2223 510 2276 hoc
531 2221 652 2293 ipso
677 2223 939 2293 supponit
971 2239 1079 2275 non
1109 2222 1352 2278 defuisse
1371 2224 1527 2295 Papae
1557 2224 1636 2279 sic
1667 2243 1851 2294 regem
1879 2225 2038 2280 illum

157 2322 461 2395 deponendi
494 2327 839 2395 potestatem.
873 2321 1149 2376 Nimirum
1179 2339 1243 2376 ex
1271 2339 1334 2376 eo
1372 2322 1520 2394 quod
1555 2322 1696 2394 Papa
1733 2341 1919 2396 regem
1948 2324 2039 2380 de-

156 2436 362 2492 ponere
387 2419 649 2492 potuerit,
679 2418 880 2474 merito
907 2417 1183 2473 concludit
1214 2418 1557 2492 superiorem
1587 2419 1927 2475 Pontificiam
1967 2423 2041 2476 di-

158 2519 421 2588 gnitatem.
453 2518 517 2571 At
545 2534 673 2572 vero
700 2517 744 2572 si
771 2515 1169 2588 depositionem
1188 2515 1364 2583 illam,
1399 2516 1727 2572 auctoritate
1754 2518 1908 2590 Papae
1934 2520 2041 2574 fac-

160 2620 292 2679 tam,
329 2614 670 2686 illegitimam
721 2619 773 2669 et
814 2612 1099 2668 abusivam
1149 2613 1542 2678 existimasset,
1596 2614 1795 2669 stolide
1835 2616 2039 2670 sactum
2091 2635 2093 2637 ’

161 2709 310 2764 istud
345 2710 647 2782 allegasset.
690 2708 970 2773 Quomodo
1016 2708 1166 2762 enim
1210 2708 1500 2780 usurpatio
1531 2709 1763 2781 probare
1791 2728 2041 2783 unquam

163 2807 361 2880 poterit
392 2807 732 2880 superiorem
754 2805 1106 2879 usurpatoris
1131 2799 1464 2875 cliqnitntem?
1484 2806 1742 2861 Miserum
1775 2824 1906 2862 sane
1943 2807 2045 2863 boc

161 2902 431 2958 Bossuetii
458 2902 746 2975 effugium.

240 3000 462 3072 Objectio
489 3001 713 3055 secunda
731 3001 1010 3055 Bossuetii.
1037 3033 1105 3040 —
1124 3000 1266 3055 Dicit
1296 2999 1538 3073 positum
1583 3002 1651 3057 ab
1675 3003 1835 3058 lvone
1860 3003 1926 3058 de
1956 3020 2046 3058 ex-

160 3103 445 3153 auctorato
472 3097 774 3153 Childerico
801 3097 1005 3166 locum,
1040 3115 1102 3151 ne
1131 3105 1327 3152 textum
1358 3099 1644 3154 mutilaret.

241 3195 617 3266 Respondetur.
643 3226 710 3235 —
734 3195 984 3262 Textum,
1029 3193 1083 3248 id
1122 3200 1229 3265 est,
1252 3194 1303 3252 S.
1351 3195 1599 3266 Gregorii
1635 3196 1718 3251 Vll
1759 3196 2044 3269 epistolam

170 3292 440 3346 mutilavit
465 3291 519 3346 S.
546 3292 655 3359 lvo,
690 3291 965 3363 siquidem
990 3308 1247 3363 magnam
1277 3293 1395 3362 ejus
1424 3298 1634 3366 partem
1669 3293 2040 3367 praetermisit.

173 3386 439 3442 Potuisset
459 3394 629 3442 totam
655 3387 720 3443 de
745 3386 969 3459 rcgibus
1001 3393 1054 3442 et
1074 3387 1504 3460 imperatoribus
1524 3389 1789 3460 depositis
1820 3405 2047 3445 enume-

175 3482 444 3538 rationem
464 3485 746 3550 omitterem
777 3503 840 3540 ac
865 3486 1059 3557 procul
1081 3484 1250 3540 dubio
1272 3486 1738 3559 praetermisisset,
1770 3487 1815 3542 si
1841 3483 2046 3541 erroris

176 3582 486 3632 monstrum
515 3579 593 3635 ibi
611 3581 832 3636 re-·ondi
852 3580 1240 3651 existimasset,
1269 3589 1435 3655 prout
1459 3582 1792 3638 existimavit
1819 3583 2043 3634 Bossue-

176 3674 308 3728 tiuS.
335 3671 465 3728 Cum
493 3692 616 3746 crgo
644 3677 861 3749 rejectis
891 3677 1017 3732 aliis
1041 3678 1283 3751 epistolae
1312 3679 1472 3746 lociS,
1503 3680 1662 3734 illum
1696 3679 1919 3739 inserat,
1957 3691 2046 3730 or-
