2340 4062
1011 310 1303 360 TRACTATUS
1330 310 1400 358 DE
1428 310 1578 359 ΡΑΡΑ.

333 429 677 506 imperatore
701 442 970 500 negamus
998 421 1161 497 quin,
1185 419 1235 476 si
1259 419 1443 477 deviet
1463 438 1495 477 a
1515 419 1700 478 debito
1718 421 1915 481 ordine
1933 442 2047 482 suae
2073 424 2260 481 admi-

333 527 702 596 nistrationis,
742 543 773 580 a
808 519 1071 578 Pontifice
1100 517 1278 594 possit
1314 518 1562 593 regulari
1604 524 1657 575 et
1685 519 1962 593 corrigi...
2001 521 2123 579 Non
2156 541 2260 598 po-

330 631 439 683 test
461 624 805 700 (imperator)
834 619 902 674 ab
937 636 1000 675 eo
1035 619 1084 691 (a
1110 617 1274 693 Papa)
1306 617 1537 692 privari,
1567 616 1679 674 nisi
1711 623 1883 675 staret
1909 618 1971 674 in
2001 637 2102 677 sua
2125 622 2254 678 obs-

330 727 602 783 tinatione
635 727 690 778 et
732 721 1050 776 incurreret
1075 717 1446 785 haeresim...;
1495 736 1629 774 nam
1655 724 1792 776 tunc
1824 724 2012 795 posset
2043 721 2252 795 privari

328 833 379 883 et
406 822 698 881 declarari.
726 843 753 874 »
790 821 889 894 (De
919 819 1245 887 Monarchia‚
1278 822 1476 892 quaest.
1508 837 1546 873 1.
1580 850 1652 859 —
1673 818 1998 876 Bibliotheca
2019 823 2253 878 mamima

322 925 628 997 Pontificia,
662 927 705 979 t.
733 922 800 989 ΙΙ,
831 941 886 996 p.
923 919 1043 994 16.)

398 1023 459 1079 V.
502 1023 691 1088 Quoad
729 1022 1012 1079 celebrem
1056 1020 1382 1088 Gersonem,
1417 1020 1537 1095 jam
1575 1020 1696 1094 ejus
1729 1020 2041 1078 doctrinam
2079 1038 2249 1097 expo-

324 1122 547 1182 suimus
576 1141 768 1198 supra,
811 1123 835 1194 ἓ
865 1121 920 1189 8,
953 1139 1007 1176 n.
1041 1120 1134 1176 15.
1162 1120 1339 1195 Igitur
1363 1119 1431 1175 ad
1460 1119 1740 1177 catholicos
1771 1120 1975 1178 scholae
1997 1122 2252 1180 doctores

324 1223 475 1298 quod
513 1222 730 1290 attinet,
773 1240 843 1278 ne
879 1239 1029 1278 unus
1056 1219 1287 1294 quidem
1324 1219 1628 1295 reperitur,
1669 1220 1840 1277 etiam
1883 1239 1951 1278 ex
1985 1221 2064 1278 eis
2108 1240 2251 1295 quos

322 1322 392 1377 ad
429 1319 833 1378 corrodendam
865 1319 1101 1376 Romani
1141 1317 1423 1375 Pontificis
1463 1322 1791 1393 potestatem
1833 1319 2091 1378 infensus
2130 1320 2251 1377 ani-

322 1440 452 1478 mus
487 1427 541 1478 et
572 1420 816 1496 partium
863 1420 1113 1476 studium
1149 1437 1319 1492 quam
1362 1418 1607 1475 maxime
1649 1418 1897 1494 impulit,
1937 1438 1968 1476 a
2003 1439 2113 1494 quo
2154 1420 2250 1476 ad-

321 1521 490 1578 missa
533 1541 645 1577 non
673 1521 846 1577 fuerit
882 1519 1159 1586 indirecta
1201 1519 1396 1576 saltem
1433 1527 1487 1576 et
1512 1519 1571 1574 in
1605 1519 1774 1576 certis
1807 1519 2031 1576 casibus
2064 1520 2250 1577 Ponti-

320 1621 444 1678 ficia
480 1627 727 1697 potestas
753 1621 810 1675 in
846 1638 966 1676 rem
994 1619 1364 1694 temporalem
1400 1614 1671 1676 statuum.

397 1723 575 1778 Immo
594 1722 699 1797 ipsi
720 1722 888 1778 etiam
904 1723 1240 1787 schismatici,
1263 1720 1396 1777 licet
1415 1719 1758 1777 contrariam
1777 1720 2099 1794 opinionem
2118 1738 2245 1795 pro-

315 1822 715 1897 pugnaverint,
729 1840 842 1876 non
862 1828 1047 1877 tamen
1067 1820 1190 1876 ausi
1210 1825 1341 1875 sunt
1354 1820 1645 1875 doctorum
1660 1819 1864 1875 scholae
1881 1818 2242 1886 sententiam,

317 1939 485 1994 quam
527 1922 832 1976 unanimem
874 1919 1144 1988 sciebant,
1185 1935 1478 1973 erroneam
1521 1922 1617 1972 aut
1656 1922 1876 1973 aeternae
1924 1917 2243 1973 animarum

317 2017 487 2072 saluti
514 2018 769 2097 nocivam
798 2034 1070 2072 asserere.
1102 2014 1211 2086 Sic,
1239 2014 1394 2072 verbi
1420 2014 1620 2088 gratia,
1648 2013 2038 2087 Widdrington
2066 2014 2124 2070 in
2143 2032 2242 2070 sua

312 2115 640 2172 defensione
659 2115 969 2190 juramenti
1005 2113 1365 2180 schismatici,
1394 2112 1542 2187 quod
1571 2111 1678 2168 sibi
1706 2112 1961 2186 praestari
1990 2111 2244 2186 exigebat

309 2216 423 2272 Rex
452 2217 659 2289 Angliae
693 2215 966 2272 IIenricus
992 2215 1103 2269 VIII
1134 2236 1144 2268 :
1189 2235 1216 2266 «
1247 2212 1414 2267 Notre
1452 2211 1729 2267 intention
1770 2211 1914 2266 n’est
1955 2230 2054 2286 pas
2098 2211 2245 2268 d’as-

311 2332 474 2370 surer
503 2333 611 2387 que
637 2314 840 2369 l’autre
868 2311 1125 2367 doctrine
1148 2310 1257 2366 soit
1283 2312 1629 2383 repugnante
1653 2310 1683 2364 a
1702 2309 1755 2363 13
1778 2307 1856 2363 foi
1884 2327 1955 2363 ou
1978 2327 2048 2364 au
2068 2308 2236 2376 salut,

308 2413 649 2488 puisqu'clle
688 2433 717 2469 a
748 2415 834 2468 ete
875 2413 1199 2486 propugnee
1227 2427 1329 2484 par
1371 2414 1490 2465 tant
1521 2414 1575 2465 et
1609 2409 1677 2464 de
1718 2407 1763 2464 si
1790 2408 1997 2482 grands
2029 2409 2239 2465 theolo-

308 2510 488 2584 giens,
536 2510 785 2584 lesquels
826 2512 855 2565 a
889 2509 1023 2566 Dieu
1063 2527 1133 2564 ne
1164 2508 1341 2583 plaise
1380 2526 1488 2582 que
1530 2525 1672 2563 nous
1705 2506 2068 2581 pretendions
2105 2525 2239 2564 con-

309 2609 546 2664 damner
572 2608 707 2663 d’un
748 2607 794 2662 si
827 2607 1002 2680 grand
1039 2605 1284 2663 crime.»
1322 2604 1428 2679 (De
1451 2604 1764 2660 Juramento
1805 2603 1976 2676 fidel„
2011 2622 2130 2678 cap.
2160 2623 2230 2670 111,

313 2713 447 2763 sect.
484 2727 587 2763 x1x.
619 2741 687 2749 —
727 2706 932 2762 Gallice
977 2705 1209 2762 citatum
1243 2723 1274 2760 a
1303 2703 1580 2761 Cardinali
1615 2703 1926 2778 Duperron,
1969 2703 2236 2759 concione

310 2806 501 2864 habita
543 2807 602 2861 in
656 2806 1011 2881 generalibus
1063 2804 1308 2861 comitiis
1363 2803 1496 2859 anni
1557 2804 1751 2877 1615.)
1805 2801 2233 2859 Schismaticum

311 2905 801 2981 Vl'iddringtonem
834 2905 935 2962 hac
962 2905 1020 2960 in
1052 2923 1111 2961 re
1138 2904 1303 2978 longe
1327 2909 1764 2978 praetergressus
1793 2908 1877 2959 est
1903 2902 2151 2958 Bossuet.
2183 2903 2233 2959 Is

309 3023 535 3079 nempe,
559 3024 784 3062 omnem
813 3005 1042 3061 modum
1070 3005 1363 3070 excedenS,
1403 3004 1472 3060 de
1498 3002 1702 3059 scholae
1729 3002 2071 3068 doctoribuS,
2093 3001 2235 3056 Pon-

310 3103 474 3160 tificis
503 3104 563 3160 in
587 3104 915 3179 temporalia
944 3107 1276 3178 potestatem
1308 3101 1816 3177 propugnantibUS,
1846 3101 1962 3155 haec
1992 3104 2045 3156 et
2075 3099 2237 3155 simi-

308 3201 383 3257 lia
415 3202 731 3258 declamare
760 3221 933 3258 ausus
964 3207 1084 3258 est:
1115 3201 1338 3258 Veritati
1376 3200 1690 3272 evanyelieae
1723 3206 1774 3254 et
1801 3202 2035 3270 antiquae
2070 3199 2232 3254 tradi-

309 3301 438 3357 tioni
475 3287 873 3374 repaqiiabant;
917 3299 1200 3356 catholicos
1225 3300 1281 3354 irt-
1311 3315 1543 3354 errorem
1582 3297 1917 3364 inducebant,
1948 3295 2140 3351 nedum
2173 3297 2230 3351 in

307 3398 411 3471 fide
430 3400 819 3471 confirmarent.
