2352 4126
158 386 201 418 π
966 367 1256 418 PROOEMIUM.

160 502 587 564 bernatorum.
626 499 714 563 Ad
747 499 1228 581 gubernandum
1263 499 1471 580 posuit
1496 498 1791 582 [Christus
1828 500 2071 585 Episco-

162 628 273 690 pos
305 632 320 681 3
357 607 668 691 simulque
720 607 831 667 uni
884 625 953 668 ex
1001 606 1130 667 istis
1161 604 1496 688 Episcopis‚
1550 608 1611 669 id
1655 617 1750 670 est
1800 608 2075 673 Romano

162 714 462 790 Pontifici,
493 723 745 776 caeteros
763 714 1072 794 subjectos
1096 714 1313 778 voluit.
1337 714 1508 778 Unde
1524 717 1851 798 ipsammet
1874 717 2078 781 Eccle-

167 821 322 881 siam
367 819 791 902 qubernantem
832 820 1157 880 constituit
1192 820 1477 882 Christus
1514 827 1814 902 tanquam
1853 840 2078 904 corpus

165 925 418 1000 morale,
458 925 638 1004 cujus
669 932 855 1004 caput
887 923 1195 986 Romanus
1222 923 1524 1006 Pontifex,
1554 927 1836 988 membra
1870 927 2079 989 caeteri

104 1068 119 1078 -
162 1030 467 1111 Episcopi.
497 1029 567 1090 Et
594 1051 735 1091 cum
764 1031 855 1092 sic
881 1033 1284 1093 constitutam
1310 1031 1642 1095 Ecclesiam
1676 1053 1854 1095 suam
1879 1052 2079 1115 usque

166 1134 241 1195 ad
270 1136 489 1196 mundi
523 1136 712 1197 finem
752 1136 1119 1198 duraturam
1157 1137 1543 1217 prom1serit‚¹
1581 1156 1906 1218 nunquam
1935 1156 2080 1198 con-

167 1242 411 1321 tingere
439 1252 638 1324 potest
662 1253 871 1305 utnon
895 1243 1021 1303 sint
1039 1243 1104 1303 in
1131 1243 1398 1305 Ecclesia
1429 1244 1614 1305 multi
1645 1243 1930 1325 Episcopi
1952 1244 2079 1305 sedi

165 1347 452 1408 Romanae
487 1348 690 1429 quoad
715 1347 905 1408 fidem
942 1347 1350 1420 adhaereriteS,
1405 1357 1466 1410 et
1499 1350 1931 1431 obsequentes,
1968 1351 2084 1429 Igi-

168 1460 272 1513 tur
307 1472 532 1533 corpus
565 1452 1033 1534 Episcoporum,
1064 1462 1369 1534 quatenus
1395 1474 1428 1515 a
1456 1456 1654 1535 capite
1682 1474 1793 1516 suo
1826 1455 2082 1516 distinc-

169 1566 328 1634 tum,
351 1568 442 1619 est
458 1579 664 1620 revera
682 1559 1007 1622 infallibile
1034 1560 1101 1620 in
1122 1579 1193 1621 eo
1219 1579 1403 1621 sensu
1423 1561 1587 1642 quod
1618 1570 1818 1622 totum
1842 1561 1936 1622 vel
1957 1561 2085 1621 fere

174 1671 376 1723 totum
397 1682 430 1723 a
449 1684 588 1725 vera
615 1663 734 1726 fide
762 1685 886 1726 non
913 1667 1105 1746 possit
1125 1665 1408 1728 deficere.
1439 1665 1754 1726 Nimirum
1783 1675 1875 1727 est
1900 1664 2085 1726 infal-

170 1769 348 1830 libile
383 1771 771 1833 solummodo
805 1772 1245 1834 infallibilitate
1267 1773 1665 1852 subjectionis
1699 1781 1759 1834 et
1790 1772 2087 1834 adhaesio-

175 1877 273 1937 nis
310 1877 570 1938 relative
612 1879 686 1938 ad
725 1888 932 1960 caput.
977 1879 1049 1939 Et
1082 1880 1185 1939 illa
1228 1879 1646 1940 infallibilitas
1675 1898 1789 1940 nec
1824 1880 1934 1940 toti
1963 1878 2088 1940 col-

173 1982 451 2059 lectioni,
495 2004 609 2045 nec
644 1985 758 2046 ulli
789 1987 1198 2046 determinato
1226 1986 1509 2046 membro
1535 1985 1828 2062 inhaeret,
1871 1985 1979 2046 sed
2024 1986 2090 2045 in

177 2106 246 2148 eo
282 2090 568 2150 consistit
607 2092 774 2171 quod
820 2092 1162 2171 providebit
1205 2091 1486 2151 Christus
1516 2100 1585 2152 ut
1613 2092 1807 2153 multa
1848 2110 2092 2171 semper

178 2194 536 2276 episcopalis
587 2199 859 2278 corporis
903 2198 1182 2258 membra
1235 2198 1301 2257 in
1341 2216 1480 2258 vera
1524 2197 1644 2259 fide
1701 2206 2088 2259 remaneant.

261 2300 546 2382 Magnum
607 2323 752 2383 ergo
801 2304 1137 2365 discrimen
1186 2305 1352 2364 inter
1395 2322 1616 2384 corpus
1654 2301 2097 2384 Episcoporum

183 2418 485 2489 quatenus
533 2411 723 2489 capiti
759 2411 1110 2485 adhaerenffi
1145 2419 1204 2471 et
1230 2430 1454 2492 corpus
1488 2412 1918 2493 episcoporum
1952 2431 2104 2492 qua-

183 2522 368 2574 tenus
418 2515 786 2575 distinctum
823 2536 855 2576 a
891 2517 1107 2597 capite.
1150 2515 1299 2577 Nam
1345 2518 1620 2598 corporis
1658 2516 2098 2599 Episcoporum

187 2620 252 2679 in
295 2620 485 2700 priori
537 2640 724 2682 sensu
768 2623 1068 2684 intellecti
1108 2623 1428 2705 quodlibet
1462 2625 1816 2685 membrum
1852 2633 1942 2686 est
2006 2626 2100 2686 in-

190 2725 451 2787 fallibile
491 2754 504 2802 ‚1
577 2737 788 2808 utpote
850 2730 1263 2810 pronuntians
1326 2730 1483 2791 illud
1555 2730 1722 2791 idem
1783 2731 2098 2811 judicium

189 2832 353 2912 quod
380 2835 785 2913 pronuntiant
810 2838 1012 2896 caeteri
1039 2856 1256 2898 omnes
1284 2857 1427 2898 cum
1450 2837 1651 2918 capite
1677 2857 1810 2900 suo.
1846 2838 1907 2898 Si
1935 2839 2102 2899 enim

186 2938 369 3000 aliter
406 2940 663 3021 aliquod
700 2943 1053 3005 membrum
1085 2945 1415 3024 judicaret,
1451 2946 1580 3026 jam
1620 2945 1938 3007 desineret
1972 2965 2106 3007 esse

194 3047 551 3108 membrum
593 3049 766 3111 illius
807 3053 1113 3131 corporiS,
1158 3052 1322 3133 quod
1370 3052 1743 3133 supponitur
1786 3052 2105 3112 communi

180 3153 418 3232 judicio
440 3174 583 3215 cum
598 3158 798 3237 capite
822 3159 1249 3238 pronuntiare.
1272 3158 1346 3220 At
1370 3177 1518 3220 vero
1546 3159 1597 3219 si
1621 3166 1842 3238 agatur
1871 3158 1948 3219 de
1974 3176 2105 3218 cor-

191 3279 338 3341 pore
371 3260 813 3344 Episcoporum
851 3274 1156 3347 quatenus
1189 3286 1222 3327 a
1264 3267 1462 3347 capite
1502 3266 1815 3341 distincto,
1861 3266 1990 3346 jam
2035 3265 2111 3326 de

195 3365 369 3427 nullo
410 3367 819 3431 determinato
864 3372 1144 3433 membro
1187 3371 1604 3434 infallibilitas
1648 3372 1842 3434 asseri
1883 3380 2103 3453 potest.

197 3471 326 3533 Imo
361 3493 475 3534 nec
508 3482 673 3536 certa
715 3483 808 3536 est
842 3476 1259 3540 infallibilitas
1288 3479 1544 3559 majoris
1578 3479 1767 3557 partis
1792 3478 2111 3559 Episcopo·
2146 3524 2150 3530 .

199 3598 362 3642 rum.
379 3578 541 3642 Illud
568 3582 955 3647 solummodo
971 3592 1210 3645 certum
1229 3606 1241 3644 ε
1262 3584 1391 3648 fore
1420 3604 1671 3666 semper
1693 3584 1927 3645 multos
1943 3583 2112 3665 Epis-

199 3705 382 3769 copos
407 3689 678 3753 Romano
706 3690 982 3754 Pontifici
1007 3692 1211 3774 quoad
1240 3691 1426 3754 fidem
1452 3692 1838 3756 adhaerentes
1862 3715 1878 3766 3
1907 3699 1969 3753 et
2002 3689 2111 3751 Ec-
