<?xml version="1.0" encoding="UTF-8"?>
<!DOCTYPE html PUBLIC "-//W3C//DTD XHTML 1.0 Transitional//EN"
    "http://www.w3.org/TR/xhtml1/DTD/xhtml1-transitional.dtd">
<html xmlns="http://www.w3.org/1999/xhtml" xml:lang="en" lang="en">
 <head>
  <title>
</title>
<meta http-equiv="Content-Type" content="text/html;charset=utf-8" />
  <meta name='ocr-system' content='tesseract 3.04.00' />
  <meta name='ocr-capabilities' content='ocr_page ocr_carea ocr_par ocr_line ocrx_word'/>
</head>
<body>
  <div class='ocr_page' id='page_1' title='image "a548470103bouiuoft_0293.png"; bbox 0 0 2340 3990; ppageno 0'>
   <div class='ocr_carea' id='block_1_1' title="bbox 0 0 46 3990">
    <p class='ocr_par' dir='ltr' id='par_1_1' title="bbox 0 0 46 3990">
     <span class='ocr_line' id='line_1_1' title="bbox 0 0 46 3990; baseline 0 0"><span class='ocrx_word' id='word_1_1' title='bbox 0 0 46 3990; x_wconf 95' lang='lat' dir='ltr'> </span> 
     </span>
    </p>
   </div>
   <div class='ocr_carea' id='block_1_2' title="bbox 866 342 1994 400">
    <p class='ocr_par' dir='ltr' id='par_1_2' title="bbox 866 342 1994 400">
     <span class='ocr_line' id='line_1_2' title="bbox 866 342 1994 400; baseline -0.004 -5"><span class='ocrx_word' id='word_1_2' title='bbox 866 348 995 395; x_wconf 77' lang='lat' dir='ltr'>PARS</span> <span class='ocrx_word' id='word_1_3' title='bbox 1023 345 1245 400; x_wconf 70' lang='lat' dir='ltr'><strong>QUARTA.</strong></span> <span class='ocrx_word' id='word_1_4' title='bbox 1905 342 1994 390; x_wconf 77' lang='lat'>269</span> 
     </span>
    </p>
   </div>
   <div class='ocr_carea' id='block_1_3' title="bbox 64 449 2003 3570">
    <p class='ocr_par' dir='ltr' id='par_1_3' title="bbox 87 449 2003 1407">
     <span class='ocr_line' id='line_1_3' title="bbox 87 449 1995 573; baseline -0.007 -56.993"><span class='ocrx_word' id='word_1_5' title='bbox 87 456 384 573; x_wconf 37' lang='lat' dir='ltr'>{omnibus</span> <span class='ocrx_word' id='word_1_6' title='bbox 430 475 553 532; x_wconf 85' lang='lat' dir='ltr'>quae</span> <span class='ocrx_word' id='word_1_7' title='bbox 593 456 700 532; x_wconf 85' lang='lat' dir='ltr'>legi</span> <span class='ocrx_word' id='word_1_8' title='bbox 739 454 936 512; x_wconf 82' lang='lat' dir='ltr'>divinae</span> <span class='ocrx_word' id='word_1_9' title='bbox 970 472 1083 510; x_wconf 91' lang='lat' dir='ltr'>non</span> <span class='ocrx_word' id='word_1_10' title='bbox 1125 453 1502 510; x_wconf 78' lang='lat' dir='ltr'><strong>adversantur.</strong></span> <span class='ocrx_word' id='word_1_11' title='bbox 1539 449 1711 514; x_wconf 86' lang='lat' dir='ltr'><strong>Quem</strong></span> <span class='ocrx_word' id='word_1_12' title='bbox 1749 465 1995 505; x_wconf 87' lang='lat' dir='ltr'>errorem</span> 
     </span>
     <span class='ocr_line' id='line_1_4' title="bbox 116 545 1995 629; baseline -0.005 -17.995"><span class='ocrx_word' id='word_1_13' title='bbox 116 548 424 629; x_wconf 70' lang='lat' dir='ltr'>iandudum</span> <span class='ocrx_word' id='word_1_14' title='bbox 452 553 752 611; x_wconf 83' lang='lat' dir='ltr'>confutavit</span> <span class='ocrx_word' id='word_1_15' title='bbox 782 551 835 607; x_wconf 89' lang='lat' dir='ltr'>S.</span> <span class='ocrx_word' id='word_1_16' title='bbox 864 549 1322 628; x_wconf 81' lang='lat' dir='ltr'>Chrysostomus</span> <span class='ocrx_word' id='word_1_17' title='bbox 1308 567 1366 605; x_wconf 92' lang='lat' dir='ltr'>1n</span> <span class='ocrx_word' id='word_1_18' title='bbox 1389 548 1622 623; x_wconf 87' lang='lat' dir='ltr'>ipsamet</span> <span class='ocrx_word' id='word_1_19' title='bbox 1650 545 1898 612; x_wconf 82' lang='lat' dir='ltr'>homilia,</span> <span class='ocrx_word' id='word_1_20' title='bbox 1929 546 1995 601; x_wconf 86' lang='lat' dir='ltr'>ad</span> 
     </span>
     <span class='ocr_line' id='line_1_5' title="bbox 124 644 1992 727; baseline -0.004 -19"><span class='ocrx_word' id='word_1_21' title='bbox 124 670 290 727; x_wconf 89' lang='lat' dir='ltr'>quam</span> <span class='ocrx_word' id='word_1_22' title='bbox 332 651 634 727; x_wconf 87' lang='lat' dir='ltr'>provocavit</span> <span class='ocrx_word' id='word_1_23' title='bbox 668 650 936 706; x_wconf 89' lang='lat' dir='ltr'>Bossuet.</span> <span class='ocrx_word' id='word_1_24' title='bbox 972 647 1092 704; x_wconf 84' lang='lat' dir='ltr'>Non</span> <span class='ocrx_word' id='word_1_25' title='bbox 1125 655 1203 704; x_wconf 78' lang='lat' dir='ltr'>est</span> <span class='ocrx_word' id='word_1_26' title='bbox 1237 650 1371 704; x_wconf 83' lang='lat' dir='ltr'>enim</span> <span class='ocrx_word' id='word_1_27' title='bbox 1402 654 1635 721; x_wconf 80' lang='lat' dir='ltr'>potestas</span> <span class='ocrx_word' id='word_1_28' title='bbox 1667 648 1770 702; x_wconf 81' lang='lat' dir='ltr'>nisi</span> <span class='ocrx_word' id='word_1_29' title='bbox 1807 664 1840 701; x_wconf 89' lang='lat' dir='ltr'><strong><em>a</em></strong></span> <span class='ocrx_word' id='word_1_30' title='bbox 1862 644 1992 701; x_wconf 79' lang='lat' dir='ltr'>Deo,</span> 
     </span>
     <span class='ocr_line' id='line_1_6' title="bbox 124 743 1993 820; baseline -0.004 -14"><span class='ocrx_word' id='word_1_31' title='bbox 124 748 258 817; x_wconf 82' lang='lat' dir='ltr'>Quid</span> <span class='ocrx_word' id='word_1_32' title='bbox 276 751 429 806; x_wconf 80' lang='lat' dir='ltr'>dicis?</span> <span class='ocrx_word' id='word_1_33' title='bbox 454 750 703 804; x_wconf 81' lang='lat' dir='ltr'>omnis-ne</span> <span class='ocrx_word' id='word_1_34' title='bbox 721 750 965 820; x_wconf 79' lang='lat' dir='ltr'>princeps</span> <span class='ocrx_word' id='word_1_35' title='bbox 987 764 1019 801; x_wconf 87' lang='lat' dir='ltr'>a</span> <span class='ocrx_word' id='word_1_36' title='bbox 1043 746 1151 801; x_wconf 84' lang='lat' dir='ltr'>Deo</span> <span class='ocrx_word' id='word_1_37' title='bbox 1178 746 1452 802; x_wconf 82' lang='lat' dir='ltr'>ordinatus</span> <span class='ocrx_word' id='word_1_38' title='bbox 1479 747 1586 802; x_wconf 83' lang='lat' dir='ltr'>est?</span> <span class='ocrx_word' id='word_1_39' title='bbox 1609 743 1727 802; x_wconf 86' lang='lat' dir='ltr'>Non</span> <span class='ocrx_word' id='word_1_40' title='bbox 1745 744 1836 800; x_wconf 84' lang='lat' dir='ltr'>hoc</span> <span class='ocrx_word' id='word_1_41' title='bbox 1859 744 1993 808; x_wconf 72' lang='lat' dir='ltr'>dim,</span> 
     </span>
     <span class='ocr_line' id='line_1_7' title="bbox 123 844 1997 921; baseline -0.003 -17"><span class='ocrx_word' id='word_1_42' title='bbox 123 851 288 921; x_wconf 85' lang='lat' dir='ltr'>inquit</span> <span class='ocrx_word' id='word_1_43' title='bbox 330 849 567 920; x_wconf 80' lang='lat' dir='ltr'>(sanctus</span> <span class='ocrx_word' id='word_1_44' title='bbox 606 845 826 918; x_wconf 84' lang='lat' dir='ltr'>Paulus)</span> <span class='ocrx_word' id='word_1_45' title='bbox 863 866 873 897; x_wconf 91' lang='lat'>:</span> <span class='ocrx_word' id='word_1_46' title='bbox 924 845 1100 917; x_wconf 83' lang='lat' dir='ltr'><strong><em>Neque</em></strong></span> <span class='ocrx_word' id='word_1_47' title='bbox 1140 847 1276 900; x_wconf 80' lang='lat' dir='ltr'>enim</span> <span class='ocrx_word' id='word_1_48' title='bbox 1319 846 1383 900; x_wconf 83' lang='lat' dir='ltr'>de</span> <span class='ocrx_word' id='word_1_49' title='bbox 1427 845 1644 917; x_wconf 72' lang='lat' dir='ltr'>sinyulis</span> <span class='ocrx_word' id='word_1_50' title='bbox 1678 844 1997 917; x_wconf 81' lang='lat' dir='ltr'>principibus</span> 
     </span>
     <span class='ocr_line' id='line_1_8' title="bbox 120 943 1996 1017; baseline -0.003 -14"><span class='ocrx_word' id='word_1_51' title='bbox 120 950 244 1003; x_wconf 75' lang='lat' dir='ltr'>mihi</span> <span class='ocrx_word' id='word_1_52' title='bbox 265 963 398 1001; x_wconf 81' lang='lat' dir='ltr'>nunc</span> <span class='ocrx_word' id='word_1_53' title='bbox 422 961 588 1000; x_wconf 80' lang='lat' dir='ltr'>sermo</span> <span class='ocrx_word' id='word_1_54' title='bbox 614 950 712 1012; x_wconf 81' lang='lat' dir='ltr'>est,</span> <span class='ocrx_word' id='word_1_55' title='bbox 740 945 832 998; x_wconf 77' lang='grc' dir='ltr'>36ιί</span> <span class='ocrx_word' id='word_1_56' title='bbox 860 945 923 999; x_wconf 84' lang='lat' dir='ltr'>de</span> <span class='ocrx_word' id='word_1_57' title='bbox 950 947 1163 1016; x_wconf 82' lang='lat' dir='ltr'>reipsa.</span> <span class='ocrx_word' id='word_1_58' title='bbox 1188 943 1323 999; x_wconf 86' lang='lat' dir='ltr'>Nam</span> <span class='ocrx_word' id='word_1_59' title='bbox 1351 945 1487 1016; x_wconf 85' lang='lat' dir='ltr'>quod</span> <span class='ocrx_word' id='word_1_60' title='bbox 1510 946 1838 1017; x_wconf 80' lang='lat' dir='ltr'>principatus</span> <span class='ocrx_word' id='word_1_61' title='bbox 1870 945 1996 1008; x_wconf 84' lang='lat' dir='ltr'>sint,</span> 
     </span>
     <span class='ocr_line' id='line_1_9' title="bbox 122 1042 2002 1115; baseline -0.002 -16"><span class='ocrx_word' id='word_1_62' title='bbox 122 1048 171 1100; x_wconf 79' lang='lat' dir='ltr'>et</span> <span class='ocrx_word' id='word_1_63' title='bbox 201 1043 336 1115; x_wconf 80' lang='lat' dir='ltr'>quod</span> <span class='ocrx_word' id='word_1_64' title='bbox 363 1042 453 1097; x_wconf 82' lang='lat' dir='ltr'>alii</span> <span class='ocrx_word' id='word_1_65' title='bbox 490 1044 739 1114; x_wconf 83' lang='lat' dir='ltr'>imperent</span> <span class='ocrx_word' id='word_1_66' title='bbox 772 1042 862 1097; x_wconf 81' lang='lat' dir='ltr'>alii</span> <span class='ocrx_word' id='word_1_67' title='bbox 893 1044 1104 1115; x_wconf 81' lang='lat' dir='ltr'>subjecti</span> <span class='ocrx_word' id='word_1_68' title='bbox 1132 1045 1335 1107; x_wconf 59' lang='lat' dir='ltr'>sinim,</span> <span class='ocrx_word' id='word_1_69' title='bbox 1369 1043 1559 1097; x_wconf 72' lang='lat' dir='ltr'>divinae</span> <span class='ocrx_word' id='word_1_70' title='bbox 1591 1061 1706 1098; x_wconf 79' lang='lat' dir='ltr'>esse</span> <span class='ocrx_word' id='word_1_71' title='bbox 1737 1045 2002 1115; x_wconf 81' lang='lat' dir='ltr'>sapientiae</span> 
     </span>
     <span class='ocr_line' id='line_1_10' title="bbox 127 1139 2003 1211; baseline -0.002 -13"><span class='ocrx_word' id='word_1_72' title='bbox 127 1141 250 1198; x_wconf 81' lang='lat' dir='ltr'>dico.</span> <span class='ocrx_word' id='word_1_73' title='bbox 280 1139 400 1195; x_wconf 76' lang='lat' dir='ltr'>Ideo</span> <span class='ocrx_word' id='word_1_74' title='bbox 433 1158 536 1195; x_wconf 83' lang='lat' dir='ltr'>non</span> <span class='ocrx_word' id='word_1_75' title='bbox 569 1141 704 1195; x_wconf 77' lang='lat' dir='ltr'>dixit</span> <span class='ocrx_word' id='word_1_76' title='bbox 741 1160 756 1190; x_wconf 93' lang='grc'>.·</span> <span class='ocrx_word' id='word_1_77' title='bbox 788 1140 904 1196; x_wconf 80' lang='lat' dir='ltr'>Non</span> <span class='ocrx_word' id='word_1_78' title='bbox 939 1142 1074 1194; x_wconf 79' lang='lat' dir='ltr'>enim</span> <span class='ocrx_word' id='word_1_79' title='bbox 1101 1147 1177 1194; x_wconf 77' lang='lat' dir='ltr'>est</span> <span class='ocrx_word' id='word_1_80' title='bbox 1196 1141 1440 1211; x_wconf 79' lang='lat' dir='ltr'>princeps</span> <span class='ocrx_word' id='word_1_81' title='bbox 1477 1141 1636 1194; x_wconf 68' lang='lat' dir='ltr'>olisia</span> <span class='ocrx_word' id='word_1_82' title='bbox 1660 1140 1789 1211; x_wconf 78' lang='lat' dir='ltr'>DeO,</span> <span class='ocrx_word' id='word_1_83' title='bbox 1825 1141 1916 1194; x_wconf 78' lang='lat' dir='ltr'>secl</span> <span class='ocrx_word' id='word_1_84' title='bbox 1940 1141 2003 1195; x_wconf 83' lang='lat' dir='ltr'>de</span> 
     </span>
     <span class='ocr_line' id='line_1_11' title="bbox 125 1235 2000 1310; baseline -0.003 -15"><span class='ocrx_word' id='word_1_85' title='bbox 125 1255 183 1295; x_wconf 78' lang='lat' dir='ltr'>re</span> <span class='ocrx_word' id='word_1_86' title='bbox 210 1239 319 1310; x_wconf 80' lang='lat' dir='ltr'>ipsa</span> <span class='ocrx_word' id='word_1_87' title='bbox 345 1236 570 1308; x_wconf 79' lang='lat' dir='ltr'>loquitur</span> <span class='ocrx_word' id='word_1_88' title='bbox 604 1237 778 1291; x_wconf 80' lang='lat' dir='ltr'>dicens</span> <span class='ocrx_word' id='word_1_89' title='bbox 807 1257 822 1288; x_wconf 90' lang='lat'>.·</span> <span class='ocrx_word' id='word_1_90' title='bbox 851 1236 965 1291; x_wconf 80' lang='lat' dir='ltr'>Non</span> <span class='ocrx_word' id='word_1_91' title='bbox 996 1238 1131 1290; x_wconf 78' lang='lat' dir='ltr'>enim</span> <span class='ocrx_word' id='word_1_92' title='bbox 1157 1243 1233 1290; x_wconf 83' lang='lat' dir='ltr'>est</span> <span class='ocrx_word' id='word_1_93' title='bbox 1261 1242 1496 1306; x_wconf 79' lang='lat' dir='ltr'>potestas</span> <span class='ocrx_word' id='word_1_94' title='bbox 1524 1237 1624 1289; x_wconf 81' lang='lat' dir='ltr'>nisi</span> <span class='ocrx_word' id='word_1_95' title='bbox 1650 1253 1683 1289; x_wconf 86' lang='lat' dir='ltr'><em>a</em></span> <span class='ocrx_word' id='word_1_96' title='bbox 1717 1235 1843 1290; x_wconf 78' lang='lat' dir='ltr'>Deo,</span> <span class='ocrx_word' id='word_1_97' title='bbox 1874 1235 2000 1301; x_wconf 65' lang='lat' dir='ltr'>Quae</span> 
     </span>
     <span class='ocr_line' id='line_1_12' title="bbox 119 1322 1993 1407; baseline -0.003 -15"><span class='ocrx_word' id='word_1_98' title='bbox 119 1343 234 1392; x_wconf 62' lang='lat' dir='ltr'>vero</span> <span class='ocrx_word' id='word_1_99' title='bbox 256 1340 376 1389; x_wconf 81' lang='lat' dir='ltr'>sunt</span> <span class='ocrx_word' id='word_1_100' title='bbox 400 1341 708 1406; x_wconf 73' lang='lat' dir='ltr'>potestateS,</span> <span class='ocrx_word' id='word_1_101' title='bbox 737 1353 768 1389; x_wconf 86' lang='lat' dir='ltr'><strong><em>a</em></strong></span> <span class='ocrx_word' id='word_1_102' title='bbox 790 1334 895 1389; x_wconf 84' lang='lat' dir='ltr'>Deo</span> <span class='ocrx_word' id='word_1_103' title='bbox 921 1335 1178 1389; x_wconf 73' lang='lat' dir='ltr'>ordinatae</span> <span class='ocrx_word' id='word_1_104' title='bbox 1201 1339 1323 1388; x_wconf 79' lang='lat' dir='ltr'>sunt</span> <span class='ocrx_word' id='word_1_105' title='bbox 1360 1333 1497 1407; x_wconf 82' lang='lat' dir='ltr'>(loco</span> <span class='ocrx_word' id='word_1_106' title='bbox 1532 1322 1719 1404; x_wconf 75' lang='lat' dir='ltr'>citam,</span> <span class='ocrx_word' id='word_1_107' title='bbox 1750 1351 1806 1405; x_wconf 91' lang='lat' dir='ltr'>p.</span> <span class='ocrx_word' id='word_1_108' title='bbox 1837 1332 1993 1404; x_wconf 87' lang='grc'><em>686).</em></span> 
     </span>
    </p>

    <p class='ocr_par' dir='ltr' id='par_1_4' title="bbox 118 1432 1996 1605">
     <span class='ocr_line' id='line_1_13' title="bbox 190 1432 1996 1506; baseline 0.001 -19"><span class='ocrx_word' id='word_1_109' title='bbox 190 1432 357 1506; x_wconf 89' lang='lat' dir='ltr'>Igitur</span> <span class='ocrx_word' id='word_1_110' title='bbox 380 1432 508 1488; x_wconf 77' lang='lat' dir='ltr'>licet</span> <span class='ocrx_word' id='word_1_111' title='bbox 534 1451 644 1487; x_wconf 86' lang='lat' dir='ltr'>non</span> <span class='ocrx_word' id='word_1_112' title='bbox 674 1432 742 1487; x_wconf 92' lang='lat' dir='ltr'>sit</span> <span class='ocrx_word' id='word_1_113' title='bbox 771 1437 1011 1505; x_wconf 86' lang='lat' dir='ltr'>potestas</span> <span class='ocrx_word' id='word_1_114' title='bbox 1037 1432 1143 1490; x_wconf 90' lang='lat' dir='ltr'>nisi</span> <span class='ocrx_word' id='word_1_115' title='bbox 1167 1452 1196 1488; x_wconf 93' lang='lat' dir='ltr'>a</span> <span class='ocrx_word' id='word_1_116' title='bbox 1221 1432 1344 1498; x_wconf 86' lang='lat' dir='ltr'>De0‚</span> <span class='ocrx_word' id='word_1_117' title='bbox 1377 1450 1406 1486; x_wconf 89' lang='lat' dir='ltr'>a</span> <span class='ocrx_word' id='word_1_118' title='bbox 1436 1432 1543 1487; x_wconf 89' lang='lat' dir='ltr'>Deo</span> <span class='ocrx_word' id='word_1_119' title='bbox 1567 1438 1746 1488; x_wconf 87' lang='lat' dir='ltr'>tamen</span> <span class='ocrx_word' id='word_1_120' title='bbox 1775 1450 1886 1486; x_wconf 89' lang='lat' dir='ltr'>non</span> <span class='ocrx_word' id='word_1_121' title='bbox 1913 1437 1996 1488; x_wconf 87' lang='lat' dir='ltr'>est</span> 
     </span>
     <span class='ocr_line' id='line_1_14' title="bbox 111 1529 1995 1605; baseline -0.001 -17.993"><span class='ocrx_word' id='word_1_122' title='bbox 111 1530 259 1605; x_wconf 90' lang='lat' dir='ltr'>quod</span> <span class='ocrx_word' id='word_1_123' title='bbox 278 1529 401 1586; x_wconf 89' lang='lat' dir='ltr'>talis</span> <span class='ocrx_word' id='word_1_124' title='bbox 430 1530 683 1604; x_wconf 88' lang='lat' dir='ltr'>princeps</span> <span class='ocrx_word' id='word_1_125' title='bbox 711 1536 1028 1604; x_wconf 87' lang='lat' dir='ltr'>potestatem</span> <span class='ocrx_word' id='word_1_126' title='bbox 1052 1530 1411 1605; x_wconf 78' lang='lat' dir='ltr'>temporalem</span> <span class='ocrx_word' id='word_1_127' title='bbox 1437 1536 1707 1596; x_wconf 82' lang='lat' dir='ltr'>exerceat,</span> <span class='ocrx_word' id='word_1_128' title='bbox 1730 1547 1831 1586; x_wconf 83' lang='lat' dir='ltr'>nec</span> <span class='ocrx_word' id='word_1_129' title='bbox 1850 1529 1995 1604; x_wconf 89' lang='lat' dir='ltr'>quod</span> 
     </span>
    </p>

    <p class='ocr_par' dir='ltr' id='par_1_5' title="bbox 86 1622 1995 1805">
     <span class='ocr_line' id='line_1_15' title="bbox 86 1622 1993 1756; baseline -0.001 -71"><span class='ocrx_word' id='word_1_130' title='bbox 86 1622 232 1756; x_wconf 55' lang='lat' dir='ltr'>“feam</span> <span class='ocrx_word' id='word_1_131' title='bbox 270 1638 515 1686; x_wconf 84' lang='lat' dir='ltr'>exerceat</span> <span class='ocrx_word' id='word_1_132' title='bbox 544 1630 843 1687; x_wconf 80' lang='lat' dir='ltr'>Ecclesiam</span> <span class='ocrx_word' id='word_1_133' title='bbox 889 1631 1290 1705; x_wconf 86' lang='lat' dir='ltr'>persequendo,</span> <span class='ocrx_word' id='word_1_134' title='bbox 1336 1635 1389 1685; x_wconf 90' lang='lat' dir='ltr'>et</span> <span class='ocrx_word' id='word_1_135' title='bbox 1423 1631 1689 1685; x_wconf 85' lang='lat' dir='ltr'>obstando</span> <span class='ocrx_word' id='word_1_136' title='bbox 1723 1648 1791 1685; x_wconf 90' lang='lat' dir='ltr'>ne</span> <span class='ocrx_word' id='word_1_137' title='bbox 1827 1630 1993 1684; x_wconf 82' lang='lat' dir='ltr'>finem</span> 
     </span>
     <span class='ocr_line' id='line_1_16' title="bbox 83 1713 1995 1818; baseline -0.001 -32.983"><span class='ocrx_word' id='word_1_138' title='bbox 83 1713 271 1818; x_wconf 56' lang='lat' dir='ltr'>fisuum</span> <span class='ocrx_word' id='word_1_139' title='bbox 317 1732 578 1805; x_wconf 83' lang='lat' dir='ltr'>prosequi</span> <span class='ocrx_word' id='word_1_140' title='bbox 619 1733 813 1787; x_wconf 81' lang='lat' dir='ltr'>v.alcat</span> <span class='ocrx_word' id='word_1_141' title='bbox 866 1731 1018 1794; x_wconf 84' lang='lat' dir='ltr'>Quod</span> <span class='ocrx_word' id='word_1_142' title='bbox 1059 1730 1232 1803; x_wconf 70' lang='lat' dir='ltr'>masis</span> <span class='ocrx_word' id='word_1_143' title='bbox 1275 1730 1606 1786; x_wconf 88' lang='lat' dir='ltr'>illustrando</span> <span class='ocrx_word' id='word_1_144' title='bbox 1643 1730 1995 1804; x_wconf 75' lang='lat' dir='ltr'>prosequitur</span> 
     </span>
    </p>

    <p class='ocr_par' dir='ltr' id='par_1_6' title="bbox 64 1823 1992 1906">
     <span class='ocr_line' id='line_1_17' title="bbox 64 1823 1992 1906; baseline -0.001 -23"><span class='ocrx_word' id='word_1_145' title='bbox 64 1792 525 1906; x_wconf 47' lang='lat' dir='ltr'>&#39;gJChrysostomus</span> <span class='ocrx_word' id='word_1_146' title='bbox 560 1829 618 1883; x_wconf 88' lang='lat' dir='ltr'>in</span> <span class='ocrx_word' id='word_1_147' title='bbox 656 1832 804 1885; x_wconf 83' lang='lat' dir='ltr'>hunc</span> <span class='ocrx_word' id='word_1_148' title='bbox 843 1829 1119 1884; x_wconf 90' lang='lat' dir='ltr'>modum:</span> <span class='ocrx_word' id='word_1_149' title='bbox 1169 1828 1250 1883; x_wconf 86' lang='lat' dir='ltr'>Sic</span> <span class='ocrx_word' id='word_1_150' title='bbox 1292 1836 1341 1883; x_wconf 85' lang='lat' dir='ltr'>et</span> <span class='ocrx_word' id='word_1_151' title='bbox 1380 1848 1491 1884; x_wconf 81' lang='lat' dir='ltr'>cum</span> <span class='ocrx_word' id='word_1_152' title='bbox 1539 1830 1747 1901; x_wconf 81' lang='lat' dir='ltr'>quidam</span> <span class='ocrx_word' id='word_1_153' title='bbox 1785 1831 1992 1900; x_wconf 79' lang='lat' dir='ltr'>sapiens</span> 
     </span>
    </p>

    <p class='ocr_par' dir='ltr' id='par_1_7' title="bbox 80 1925 1990 2296">
     <span class='ocr_line' id='line_1_18' title="bbox 80 1925 1990 2002; baseline 0 -20"><span class='ocrx_word' id='word_1_154' title='bbox 80 1930 94 1943; x_wconf 47' lang='lat'>⁷*</span> <span class='ocrx_word' id='word_1_155' title='bbox 111 1925 310 2000; x_wconf 55' lang='lat' dir='ltr'>⁴(Prov.‚</span> <span class='ocrx_word' id='word_1_156' title='bbox 330 1949 431 1998; x_wconf 80' lang='lat' dir='ltr'>xix,</span> <span class='ocrx_word' id='word_1_157' title='bbox 458 1930 548 2001; x_wconf 75' lang='lat'>14)</span> <span class='ocrx_word' id='word_1_158' title='bbox 573 1930 715 1996; x_wconf 68' lang='lat' dir='ltr'>(licit,</span> <span class='ocrx_word' id='word_1_159' title='bbox 747 1947 773 1983; x_wconf 88' lang='grc'><em>3</em></span> <span class='ocrx_word' id='word_1_160' title='bbox 793 1929 895 1984; x_wconf 86' lang='lat' dir='ltr'>Deo</span> <span class='ocrx_word' id='word_1_161' title='bbox 909 1928 1201 2002; x_wconf 88' lang='lat' dir='ltr'>adaptatur</span> <span class='ocrx_word' id='word_1_162' title='bbox 1224 1927 1340 1982; x_wconf 88' lang='lat' dir='ltr'>viro</span> <span class='ocrx_word' id='word_1_163' title='bbox 1365 1928 1587 1994; x_wconf 85' lang='lat' dir='ltr'>mulier,</span> <span class='ocrx_word' id='word_1_164' title='bbox 1614 1930 1706 1982; x_wconf 85' lang='lat' dir='ltr'>hoc</span> <span class='ocrx_word' id='word_1_165' title='bbox 1729 1929 1852 1983; x_wconf 79' lang='lat' dir='ltr'>dicit</span> <span class='ocrx_word' id='word_1_166' title='bbox 1870 1930 1990 1999; x_wconf 76' lang='lat' dir='ltr'>quia</span> 
     </span>
     <span class='ocr_line' id='line_1_19' title="bbox 114 2027 1990 2099; baseline 0.001 -20"><span class='ocrx_word' id='word_1_167' title='bbox 114 2029 317 2098; x_wconf 78' lang='lat' dir='ltr'>nuptias</span> <span class='ocrx_word' id='word_1_168' title='bbox 348 2027 485 2081; x_wconf 78' lang='lat' dir='ltr'>Deus</span> <span class='ocrx_word' id='word_1_169' title='bbox 526 2029 811 2093; x_wconf 79' lang='lat' dir='ltr'>constituit,</span> <span class='ocrx_word' id='word_1_170' title='bbox 849 2045 954 2082; x_wconf 81' lang='lat' dir='ltr'>non</span> <span class='ocrx_word' id='word_1_171' title='bbox 980 2029 1100 2099; x_wconf 78' lang='lat' dir='ltr'>quia</span> <span class='ocrx_word' id='word_1_172' title='bbox 1137 2027 1366 2098; x_wconf 70' lang='lat' dir='ltr'>sinyulos</span> <span class='ocrx_word' id='word_1_173' title='bbox 1400 2029 1486 2098; x_wconf 82' lang='lat' dir='ltr'>qui</span> <span class='ocrx_word' id='word_1_174' title='bbox 1523 2028 1761 2082; x_wconf 79' lang='lat' dir='ltr'>mulieres</span> <span class='ocrx_word' id='word_1_175' title='bbox 1801 2028 1990 2082; x_wconf 75' lang='lat' dir='ltr'>(incunt</span> 
     </span>
     <span class='ocr_line' id='line_1_20' title="bbox 115 2123 1988 2198; baseline 0.002 -21"><span class='ocrx_word' id='word_1_176' title='bbox 115 2123 218 2195; x_wconf 81' lang='lat' dir='ltr'>ipse</span> <span class='ocrx_word' id='word_1_177' title='bbox 253 2127 595 2197; x_wconf 58' lang='lat' dir='ltr'>conJ&#39;uuAEerit.</span> <span class='ocrx_word' id='word_1_178' title='bbox 647 2126 837 2180; x_wconf 81' lang='lat' dir='ltr'>Multos</span> <span class='ocrx_word' id='word_1_179' title='bbox 886 2128 1076 2198; x_wconf 79' lang='lat' dir='ltr'>quippe</span> <span class='ocrx_word' id='word_1_180' title='bbox 1115 2125 1342 2180; x_wconf 81' lang='lat' dir='ltr'>videmus</span> <span class='ocrx_word' id='word_1_181' title='bbox 1381 2127 1466 2197; x_wconf 84' lang='lat' dir='ltr'>qui</span> <span class='ocrx_word' id='word_1_182' title='bbox 1501 2126 1655 2196; x_wconf 76' lang='lat' dir='ltr'>male,</span> <span class='ocrx_word' id='word_1_183' title='bbox 1692 2133 1741 2181; x_wconf 79' lang='lat' dir='ltr'>et</span> <span class='ocrx_word' id='word_1_184' title='bbox 1781 2145 1886 2181; x_wconf 80' lang='lat' dir='ltr'>non</span> <span class='ocrx_word' id='word_1_185' title='bbox 1926 2144 1988 2181; x_wconf 77' lang='lat' dir='ltr'>ex</span> 
     </span>
     <span class='ocr_line' id='line_1_21' title="bbox 113 2223 1777 2296; baseline 0.003 -21"><span class='ocrx_word' id='word_1_186' title='bbox 113 2225 406 2294; x_wconf 79' lang='lat' dir='ltr'>nuptiarum</span> <span class='ocrx_word' id='word_1_187' title='bbox 439 2224 544 2294; x_wconf 73' lang='grc'><em>1696</em></span> <span class='ocrx_word' id='word_1_188' title='bbox 561 2225 874 2295; x_wconf 73' lang='lat' dir='ltr'>junquntur,</span> <span class='ocrx_word' id='word_1_189' title='bbox 901 2242 1063 2296; x_wconf 79' lang='lat' dir='ltr'>neque</span> <span class='ocrx_word' id='word_1_190' title='bbox 1089 2225 1179 2277; x_wconf 84' lang='lat' dir='ltr'>hoc</span> <span class='ocrx_word' id='word_1_191' title='bbox 1207 2223 1311 2278; x_wconf 79' lang='lat' dir='ltr'>Deo</span> <span class='ocrx_word' id='word_1_192' title='bbox 1335 2226 1777 2296; x_wconf 78' lang='lat' dir='ltr'>imputaverimus.</span> 
     </span>
    </p>

    <p class='ocr_par' dir='ltr' id='par_1_8' title="bbox 95 2319 1990 3076">
     <span class='ocr_line' id='line_1_22' title="bbox 183 2319 1988 2397; baseline 0.004 -24"><span class='ocrx_word' id='word_1_193' title='bbox 183 2319 263 2377; x_wconf 82' lang='lat' dir='ltr'>lv,</span> <span class='ocrx_word' id='word_1_194' title='bbox 315 2322 502 2377; x_wconf 64' lang='lat' dir='ltr'>Tertiis</span> <span class='ocrx_word' id='word_1_195' title='bbox 536 2325 700 2378; x_wconf 78' lang='lat' dir='ltr'>sancti</span> <span class='ocrx_word' id='word_1_196' title='bbox 739 2323 961 2379; x_wconf 72' lang='lat' dir='ltr'>Joannis</span> <span class='ocrx_word' id='word_1_197' title='bbox 990 2341 1022 2377; x_wconf 85' lang='grc' dir='ltr'><em>α</em></span> <span class='ocrx_word' id='word_1_198' title='bbox 1051 2322 1320 2378; x_wconf 78' lang='grc' dir='ltr'><em>Βο33ιι6ῐὶο</em></span> <span class='ocrx_word' id='word_1_199' title='bbox 1355 2324 1626 2395; x_wconf 70' lang='lat' dir='ltr'>alleqcitus,</span> <span class='ocrx_word' id='word_1_200' title='bbox 1661 2358 1733 2364; x_wconf 88' lang='lat'>——</span> <span class='ocrx_word' id='word_1_201' title='bbox 1758 2326 1988 2397; x_wconf 71' lang='lat' dir='ltr'>Reynmn</span> 
     </span>
     <span class='ocr_line' id='line_1_23' title="bbox 113 2421 1989 2496; baseline 0.004 -24"><span class='ocrx_word' id='word_1_202' title='bbox 113 2434 274 2473; x_wconf 84' lang='lat' dir='ltr'>meum</span> <span class='ocrx_word' id='word_1_203' title='bbox 299 2438 402 2474; x_wconf 80' lang='lat' dir='ltr'>non</span> <span class='ocrx_word' id='word_1_204' title='bbox 428 2428 503 2474; x_wconf 76' lang='lat' dir='ltr'>est</span> <span class='ocrx_word' id='word_1_205' title='bbox 536 2421 598 2475; x_wconf 81' lang='lat' dir='ltr'>de</span> <span class='ocrx_word' id='word_1_206' title='bbox 624 2423 714 2476; x_wconf 85' lang='lat' dir='ltr'>hoc</span> <span class='ocrx_word' id='word_1_207' title='bbox 736 2422 924 2476; x_wconf 79' lang='lat' dir='ltr'>mundo</span> <span class='ocrx_word' id='word_1_208' title='bbox 960 2421 1028 2494; x_wconf 90' lang='lat' dir='ltr'>(c.</span> <span class='ocrx_word' id='word_1_209' title='bbox 1060 2440 1190 2486; x_wconf 80' lang='lat' dir='ltr'>xvm,</span> <span class='ocrx_word' id='word_1_210' title='bbox 1213 2440 1263 2476; x_wconf 83' lang='lat' dir='ltr'>v.</span> <span class='ocrx_word' id='word_1_211' title='bbox 1292 2422 1407 2494; x_wconf 81' lang='lat'>56).</span> <span class='ocrx_word' id='word_1_212' title='bbox 1429 2422 1794 2496; x_wconf 84' lang='lat' dir='ltr'>—Allcgatus</span> <span class='ocrx_word' id='word_1_213' title='bbox 1823 2424 1989 2479; x_wconf 88' lang='lat' dir='ltr'>etiam</span> 
     </span>
     <span class='ocr_line' id='line_1_24' title="bbox 114 2513 1986 2591; baseline 0.005 -22"><span class='ocrx_word' id='word_1_214' title='bbox 114 2513 210 2571; x_wconf 84' lang='lat' dir='ltr'>fuit</span> <span class='ocrx_word' id='word_1_215' title='bbox 228 2516 317 2571; x_wconf 89' lang='lat' dir='ltr'>hic</span> <span class='ocrx_word' id='word_1_216' title='bbox 339 2524 514 2572; x_wconf 86' lang='lat' dir='ltr'>textus</span> <span class='ocrx_word' id='word_1_217' title='bbox 533 2518 589 2572; x_wconf 90' lang='lat' dir='ltr'>in</span> <span class='ocrx_word' id='word_1_218' title='bbox 610 2519 819 2574; x_wconf 87' lang='lat' dir='ltr'>famosa</span> <span class='ocrx_word' id='word_1_219' title='bbox 838 2518 973 2574; x_wconf 90' lang='lat' dir='ltr'>cleri</span> <span class='ocrx_word' id='word_1_220' title='bbox 990 2518 1247 2574; x_wconf 86' lang='lat' dir='ltr'>Gallicani</span> <span class='ocrx_word' id='word_1_221' title='bbox 1263 2520 1650 2591; x_wconf 75' lang='lat' dir='ltr'>declaratione,</span> <span class='ocrx_word' id='word_1_222' title='bbox 1674 2522 1803 2577; x_wconf 91' lang='lat' dir='ltr'>anni</span> <span class='ocrx_word' id='word_1_223' title='bbox 1822 2522 1986 2579; x_wconf 75' lang='lat'>1682.</span> 
     </span>
     <span class='ocr_line' id='line_1_25' title="bbox 95 2613 1990 2694; baseline 0.004 -25"><span class='ocrx_word' id='word_1_224' title='bbox 95 2613 282 2690; x_wconf 12' lang='lat' dir='ltr'>‘Quam</span> <span class='ocrx_word' id='word_1_225' title='bbox 308 2616 531 2682; x_wconf 77' lang='lat' dir='ltr'>absone,</span> <span class='ocrx_word' id='word_1_226' title='bbox 560 2617 706 2674; x_wconf 85' lang='lat' dir='ltr'>sacili</span> <span class='ocrx_word' id='word_1_227' title='bbox 734 2618 949 2691; x_wconf 84' lang='lat' dir='ltr'>negotio</span> <span class='ocrx_word' id='word_1_228' title='bbox 971 2618 1138 2692; x_wconf 87' lang='lat' dir='ltr'>pandi</span> <span class='ocrx_word' id='word_1_229' title='bbox 1164 2625 1359 2692; x_wconf 86' lang='lat' dir='ltr'>potest.</span> <span class='ocrx_word' id='word_1_230' title='bbox 1385 2620 1639 2676; x_wconf 86' lang='lat' dir='ltr'>Velenim</span> <span class='ocrx_word' id='word_1_231' title='bbox 1666 2627 1905 2694; x_wconf 86' lang='lat' dir='ltr'>arguunt</span> <span class='ocrx_word' id='word_1_232' title='bbox 1927 2642 1990 2677; x_wconf 69' lang='lat' dir='ltr'>vx</span> 
     </span>
     <span class='ocr_line' id='line_1_26' title="bbox 113 2712 1989 2789; baseline 0.005 -24"><span class='ocrx_word' id='word_1_233' title='bbox 113 2727 272 2766; x_wconf 90' lang='lat' dir='ltr'>sensu</span> <span class='ocrx_word' id='word_1_234' title='bbox 298 2712 541 2779; x_wconf 88' lang='lat' dir='ltr'>litterali,</span> <span class='ocrx_word' id='word_1_235' title='bbox 572 2715 659 2770; x_wconf 76' lang='lat' dir='ltr'>vel</span> <span class='ocrx_word' id='word_1_236' title='bbox 685 2732 750 2771; x_wconf 83' lang='lat' dir='ltr'>ex</span> <span class='ocrx_word' id='word_1_237' title='bbox 787 2733 946 2789; x_wconf 88' lang='lat' dir='ltr'>scopo</span> <span class='ocrx_word' id='word_1_238' title='bbox 974 2734 1141 2788; x_wconf 86' lang='lat' dir='ltr'>quem</span> <span class='ocrx_word' id='word_1_239' title='bbox 1170 2716 1364 2771; x_wconf 88' lang='lat' dir='ltr'>habuit</span> <span class='ocrx_word' id='word_1_240' title='bbox 1391 2716 1638 2773; x_wconf 88' lang='lat' dir='ltr'>Christus</span> <span class='ocrx_word' id='word_1_241' title='bbox 1672 2719 1838 2774; x_wconf 83' lang='lat' dir='ltr'>verba</span> <span class='ocrx_word' id='word_1_242' title='bbox 1874 2720 1989 2774; x_wconf 79' lang='lat' dir='ltr'>haec</span> 
     </span>
     <span class='ocr_line' id='line_1_27' title="bbox 112 2809 1986 2887; baseline 0.004 -26"><span class='ocrx_word' id='word_1_243' title='bbox 112 2809 456 2880; x_wconf 80' lang='lat' dir='ltr'>proferendo,</span> <span class='ocrx_word' id='word_1_244' title='bbox 487 2810 650 2866; x_wconf 83' lang='lat' dir='ltr'>Porro</span> <span class='ocrx_word' id='word_1_245' title='bbox 668 2811 725 2866; x_wconf 92' lang='lat' dir='ltr'>in</span> <span class='ocrx_word' id='word_1_246' title='bbox 751 2817 984 2884; x_wconf 88' lang='lat' dir='ltr'>utraque</span> <span class='ocrx_word' id='word_1_247' title='bbox 1012 2814 1298 2887; x_wconf 72' lang='lat' dir='ltr'>hypothesi</span> <span class='ocrx_word' id='word_1_248' title='bbox 1326 2814 1531 2870; x_wconf 87' lang='lat' dir='ltr'>absone</span> <span class='ocrx_word' id='word_1_249' title='bbox 1560 2820 1746 2871; x_wconf 83' lang='lat' dir='ltr'>textus</span> <span class='ocrx_word' id='word_1_250' title='bbox 1772 2815 1867 2871; x_wconf 91' lang='lat' dir='ltr'>ille</span> <span class='ocrx_word' id='word_1_251' title='bbox 1894 2815 1986 2871; x_wconf 85' lang='lat' dir='ltr'>ad-</span> 
     </span>
     <span class='ocr_line' id='line_1_28' title="bbox 114 2903 1984 2986; baseline 0.006 -28"><span class='ocrx_word' id='word_1_252' title='bbox 114 2903 330 2960; x_wconf 80' lang='lat' dir='ltr'>ducitur</span> <span class='ocrx_word' id='word_1_253' title='bbox 369 2906 435 2961; x_wconf 90' lang='lat' dir='ltr'>ad</span> <span class='ocrx_word' id='word_1_254' title='bbox 479 2908 818 2979; x_wconf 88' lang='lat' dir='ltr'>probandum</span> <span class='ocrx_word' id='word_1_255' title='bbox 858 2909 1111 2966; x_wconf 75' lang='lat' dir='ltr'>Ecclesiae</span> <span class='ocrx_word' id='word_1_256' title='bbox 1140 2911 1234 2983; x_wconf 90' lang='lat' dir='ltr'>jus</span> <span class='ocrx_word' id='word_1_257' title='bbox 1267 2930 1374 2966; x_wconf 91' lang='lat' dir='ltr'>non</span> <span class='ocrx_word' id='word_1_258' title='bbox 1426 2919 1736 2986; x_wconf 81' lang='lat' dir='ltr'>competere</span> <span class='ocrx_word' id='word_1_259' title='bbox 1773 2913 1830 2969; x_wconf 92' lang='lat' dir='ltr'>in</span> <span class='ocrx_word' id='word_1_260' title='bbox 1869 2933 1984 2970; x_wconf 91' lang='lat' dir='ltr'>rem</span> 
     </span>
     <span class='ocr_line' id='line_1_29' title="bbox 113 3004 771 3076; baseline 0.005 -19"><span class='ocrx_word' id='word_1_261' title='bbox 113 3004 468 3076; x_wconf 81' lang='lat' dir='ltr'>temporalem</span> <span class='ocrx_word' id='word_1_262' title='bbox 504 3011 771 3060; x_wconf 84' lang='lat' dir='ltr'>statuum.</span> 
     </span>
    </p>

    <p class='ocr_par' dir='ltr' id='par_1_9' title="bbox 118 3100 1983 3570">
     <span class='ocr_line' id='line_1_30' title="bbox 189 3100 1983 3175; baseline 0.008 -22"><span class='ocrx_word' id='word_1_263' title='bbox 189 3100 240 3154; x_wconf 88' lang='lat'>1⁰</span> <span class='ocrx_word' id='word_1_264' title='bbox 282 3102 493 3157; x_wconf 70' lang='lat' dir='ltr'>Alisone</span> <span class='ocrx_word' id='word_1_265' title='bbox 534 3102 865 3175; x_wconf 84' lang='lat' dir='ltr'>allegaretur</span> <span class='ocrx_word' id='word_1_266' title='bbox 909 3104 1162 3162; x_wconf 87' lang='lat' dir='ltr'>litteralis</span> <span class='ocrx_word' id='word_1_267' title='bbox 1202 3107 1403 3162; x_wconf 87' lang='lat' dir='ltr'>horum</span> <span class='ocrx_word' id='word_1_268' title='bbox 1447 3107 1646 3164; x_wconf 87' lang='lat' dir='ltr'>Christi</span> <span class='ocrx_word' id='word_1_269' title='bbox 1688 3110 1983 3166; x_wconf 82' lang='lat' dir='ltr'>verborum</span> 
     </span>
     <span class='ocr_line' id='line_1_31' title="bbox 118 3199 1982 3279; baseline 0.009 -31"><span class='ocrx_word' id='word_1_270' title='bbox 118 3211 327 3252; x_wconf 84' lang='lat' dir='ltr'>sensus.</span> <span class='ocrx_word' id='word_1_271' title='bbox 369 3199 454 3254; x_wconf 84' lang='lat' dir='ltr'>Sic</span> <span class='ocrx_word' id='word_1_272' title='bbox 491 3217 688 3275; x_wconf 92' lang='lat' dir='ltr'>nempe</span> <span class='ocrx_word' id='word_1_273' title='bbox 720 3220 778 3258; x_wconf 92' lang='lat' dir='ltr'>se</span> <span class='ocrx_word' id='word_1_274' title='bbox 812 3203 974 3259; x_wconf 87' lang='lat' dir='ltr'>habet</span> <span class='ocrx_word' id='word_1_275' title='bbox 1006 3209 1184 3259; x_wconf 86' lang='lat' dir='ltr'>textus</span> <span class='ocrx_word' id='word_1_276' title='bbox 1219 3204 1436 3262; x_wconf 74' lang='lat' dir='ltr'>Graecus</span> <span class='ocrx_word' id='word_1_277' title='bbox 1467 3227 1477 3260; x_wconf 91' lang='lat'><strong>:</strong></span> <span class='ocrx_word' id='word_1_278' title='bbox 1514 3213 1544 3277; x_wconf 83' lang='grc' dir='ltr'>ἡ</span> <span class='ocrx_word' id='word_1_279' title='bbox 1580 3212 1795 3275; x_wconf 78' lang='grc' dir='ltr'>βασιλέια</span> <span class='ocrx_word' id='word_1_280' title='bbox 1827 3217 1858 3279; x_wconf 76' lang='grc' dir='ltr'>ἡ</span> <span class='ocrx_word' id='word_1_281' title='bbox 1895 3215 1982 3278; x_wconf 80' lang='grc' dir='ltr'>ἐμη</span> 
     </span>
     <span class='ocr_line' id='line_1_32' title="bbox 120 3293 1983 3377; baseline 0.008 -34"><span class='ocrx_word' id='word_1_282' title='bbox 120 3293 202 3344; x_wconf 69' lang='lat' dir='ltr'>box</span> <span class='ocrx_word' id='word_1_283' title='bbox 229 3295 344 3348; x_wconf 75' lang='grc' dir='ltr'>’ἐστιν</span> <span class='ocrx_word' id='word_1_284' title='bbox 375 3300 431 3350; x_wconf 73' lang='grc' dir='ltr'>ἐκ</span> <span class='ocrx_word' id='word_1_285' title='bbox 457 3307 535 3352; x_wconf 78' lang='grc' dir='ltr'>τοῦ</span> <span class='ocrx_word' id='word_1_286' title='bbox 568 3303 738 3370; x_wconf 78' lang='grc' dir='ltr'>κόσμου</span> <span class='ocrx_word' id='word_1_287' title='bbox 770 3307 1000 3358; x_wconf 75' lang='grc' dir='ltr'><strong>τούτου...</strong></span> <span class='ocrx_word' id='word_1_288' title='bbox 1046 3311 1120 3358; x_wconf 75' lang='grc' dir='ltr'>νῦν</span> <span class='ocrx_word' id='word_1_289' title='bbox 1167 3308 1215 3358; x_wconf 76' lang='grc' dir='ltr'>δε</span> <span class='ocrx_word' id='word_1_290' title='bbox 1245 3309 1275 3374; x_wconf 79' lang='grc' dir='ltr'>ἡ</span> <span class='ocrx_word' id='word_1_291' title='bbox 1313 3310 1525 3373; x_wconf 58' lang='grc' dir='ltr'>βασιλέα</span> <span class='ocrx_word' id='word_1_292' title='bbox 1562 3313 1592 3377; x_wconf 78' lang='grc' dir='ltr'>ἡ</span> <span class='ocrx_word' id='word_1_293' title='bbox 1630 3311 1722 3376; x_wconf 82' lang='grc' dir='ltr'>ἐμὴ</span> <span class='ocrx_word' id='word_1_294' title='bbox 1755 3312 1836 3361; x_wconf 76' lang='grc' dir='ltr'>ἐυκ</span> <span class='ocrx_word' id='word_1_295' title='bbox 1867 3311 1983 3360; x_wconf 74' lang='grc' dir='ltr'>ἔστιν</span> 
     </span>
     <span class='ocr_line' id='line_1_33' title="bbox 121 3390 1980 3464; baseline 0.008 -25"><span class='ocrx_word' id='word_1_296' title='bbox 121 3390 350 3457; x_wconf 81' lang='grc' dir='ltr'>ἐντεῦθεν,</span> <span class='ocrx_word' id='word_1_297' title='bbox 379 3410 406 3441; x_wconf 87' lang='grc'>«</span> <span class='ocrx_word' id='word_1_298' title='bbox 426 3408 656 3464; x_wconf 86' lang='lat' dir='ltr'>regnum</span> <span class='ocrx_word' id='word_1_299' title='bbox 675 3415 862 3454; x_wconf 89' lang='lat' dir='ltr'>meum</span> <span class='ocrx_word' id='word_1_300' title='bbox 883 3416 995 3454; x_wconf 91' lang='lat' dir='ltr'>non</span> <span class='ocrx_word' id='word_1_301' title='bbox 1013 3405 1095 3455; x_wconf 87' lang='lat' dir='ltr'>cst</span> <span class='ocrx_word' id='word_1_302' title='bbox 1116 3418 1178 3454; x_wconf 74' lang='lat' dir='ltr'>ex</span> <span class='ocrx_word' id='word_1_303' title='bbox 1199 3400 1300 3455; x_wconf 92' lang='lat' dir='ltr'>hoc</span> <span class='ocrx_word' id='word_1_304' title='bbox 1328 3402 1550 3457; x_wconf 91' lang='lat' dir='ltr'>mund0.</span> <span class='ocrx_word' id='word_1_305' title='bbox 1565 3446 1601 3459; x_wconf 90' lang='lat'>..</span> <span class='ocrx_word' id='word_1_306' title='bbox 1624 3420 1774 3456; x_wconf 90' lang='lat' dir='ltr'>nunc</span> <span class='ocrx_word' id='word_1_307' title='bbox 1796 3406 1980 3455; x_wconf 83' lang='lat' dir='ltr'>autem</span> 
     </span>
     <span class='ocr_line' id='line_1_34' title="bbox 118 3497 1981 3570; baseline 0.009 -34"><span class='ocrx_word' id='word_1_308' title='bbox 118 3499 350 3555; x_wconf 83' lang='lat' dir='ltr'>regnum</span> <span class='ocrx_word' id='word_1_309' title='bbox 381 3503 566 3544; x_wconf 90' lang='lat' dir='ltr'>meum</span> <span class='ocrx_word' id='word_1_310' title='bbox 589 3508 699 3550; x_wconf 89' lang='lat' dir='ltr'>non</span> <span class='ocrx_word' id='word_1_311' title='bbox 726 3501 806 3551; x_wconf 86' lang='lat' dir='ltr'>est</span> <span class='ocrx_word' id='word_1_312' title='bbox 840 3498 971 3551; x_wconf 82' lang='lat' dir='ltr'>hinc.</span> <span class='ocrx_word' id='word_1_313' title='bbox 999 3518 1024 3549; x_wconf 75' lang='lat' dir='ltr'>n</span> <span class='ocrx_word' id='word_1_314' title='bbox 1053 3497 1237 3553; x_wconf 88' lang='lat' dir='ltr'>Versio</span> <span class='ocrx_word' id='word_1_315' title='bbox 1256 3498 1453 3555; x_wconf 90' lang='lat' dir='ltr'>Gallica</span> <span class='ocrx_word' id='word_1_316' title='bbox 1481 3519 1493 3551; x_wconf 77' lang='lat' dir='ltr'><em>z</em></span> <span class='ocrx_word' id='word_1_317' title='bbox 1527 3499 1694 3553; x_wconf 86' lang='lat' dir='ltr'>«Mon</span> <span class='ocrx_word' id='word_1_318' title='bbox 1720 3515 1981 3570; x_wconf 76' lang='lat' dir='ltr'>royaume</span> 
     </span>
    </p>
   </div>
   <div class='ocr_carea' id='block_1_4' title="bbox 118 3580 1980 3763">
    <p class='ocr_par' dir='ltr' id='par_1_10' title="bbox 118 3580 1980 3763">
     <span class='ocr_line' id='line_1_35' title="bbox 119 3580 1975 3668; baseline 0.014 -34"><span class='ocrx_word' id='word_1_319' title='bbox 119 3580 259 3636; x_wconf 87' lang='lat' dir='ltr'>n’est</span> <span class='ocrx_word' id='word_1_320' title='bbox 284 3600 379 3655; x_wconf 89' lang='lat' dir='ltr'>pas</span> <span class='ocrx_word' id='word_1_321' title='bbox 405 3585 467 3640; x_wconf 80' lang='lat' dir='ltr'>cle</span> <span class='ocrx_word' id='word_1_322' title='bbox 491 3604 550 3643; x_wconf 91' lang='lat' dir='ltr'>ce</span> <span class='ocrx_word' id='word_1_323' title='bbox 570 3591 790 3663; x_wconf 90' lang='lat' dir='ltr'>monde,</span> <span class='ocrx_word' id='word_1_324' title='bbox 814 3615 841 3647; x_wconf 76' lang='lat'>»</span> <span class='ocrx_word' id='word_1_325' title='bbox 870 3594 1143 3667; x_wconf 76' lang='lat' dir='ltr'>aequivoca</span> <span class='ocrx_word' id='word_1_326' title='bbox 1171 3603 1270 3652; x_wconf 87' lang='lat' dir='ltr'>est.</span> <span class='ocrx_word' id='word_1_327' title='bbox 1301 3598 1478 3652; x_wconf 90' lang='lat' dir='ltr'>Potest</span> <span class='ocrx_word' id='word_1_328' title='bbox 1504 3613 1698 3668; x_wconf 89' lang='lat' dir='ltr'>nempe</span> <span class='ocrx_word' id='word_1_329' title='bbox 1722 3593 1975 3667; x_wconf 71' lang='lat' dir='ltr'>intelligi,</span> 
     </span>
     <span class='ocr_line' id='line_1_36' title="bbox 118 3676 1980 3763; baseline 0.013 -35"><span class='ocrx_word' id='word_1_330' title='bbox 118 3679 234 3729; x_wconf 89' lang='lat' dir='ltr'>tum</span> <span class='ocrx_word' id='word_1_331' title='bbox 272 3676 328 3732; x_wconf 94' lang='lat' dir='ltr'>in</span> <span class='ocrx_word' id='word_1_332' title='bbox 360 3696 423 3735; x_wconf 90' lang='lat' dir='ltr'>eo</span> <span class='ocrx_word' id='word_1_333' title='bbox 449 3698 615 3739; x_wconf 89' lang='lat' dir='ltr'>sensu</span> <span class='ocrx_word' id='word_1_334' title='bbox 643 3687 787 3757; x_wconf 91' lang='lat' dir='ltr'>quod</span> <span class='ocrx_word' id='word_1_335' title='bbox 812 3707 1044 3763; x_wconf 89' lang='lat' dir='ltr'>regnum</span> <span class='ocrx_word' id='word_1_336' title='bbox 1068 3692 1269 3749; x_wconf 83' lang='lat' dir='ltr'>Christi</span> <span class='ocrx_word' id='word_1_337' title='bbox 1297 3694 1545 3762; x_wconf 72' lang='lat' dir='ltr'>oriqinem</span> <span class='ocrx_word' id='word_1_338' title='bbox 1580 3704 1688 3742; x_wconf 88' lang='lat' dir='ltr'>non</span> <span class='ocrx_word' id='word_1_339' title='bbox 1718 3686 1880 3742; x_wconf 77' lang='lat' dir='ltr'>ducat</span> <span class='ocrx_word' id='word_1_340' title='bbox 1917 3706 1980 3743; x_wconf 71' lang='lat' dir='ltr'>ex</span> 
     </span>
    </p>
   </div>
  </div>
 </body>
</html>
