2340 4062
309 294 369 339 94
991 282 1295 330 TRACTATUS
1326 283 1394 329 DE
1425 283 1575 331 PAPA.

310 397 488 468 istud,
515 413 626 471 quo
666 399 937 466 tanquam
977 405 1249 446 erroneus
1282 393 1336 445 et
1378 389 1773 448 schismaticus
1797 391 2092 455 damnatus
2128 397 2236 455 fuit

307 496 531 573 primus
566 513 596 552 e
623 497 864 569 quatuor
892 487 1186 564 gallicanis
1227 488 1481 547 articulis
1516 489 1652 547 anni
1680 489 1853 563 1682,
1885 493 2099 552 editum
2126 496 2237 554 fuit

272 615 456 654 oanno
490 583 662 651 1685.

385 693 560 768 Igitur
583 689 788 745 falsum
810 685 975 760 plane
999 685 1151 743 istud
1183 685 1356 744 Bossu
1369 687 1467 744 etii
1493 693 1774 744 assertum
1804 711 1816 744 2
1851 709 1879 742 «
1903 689 2053 747 Inter
2078 691 2239 750 scho-

304 793 528 849 lasticos
554 786 793 860 alicujus
815 785 1062 842 nominis
1078 788 1339 843 neminem
1364 786 1618 844 invenies
1646 788 1742 862 qui
1761 788 1831 844 ad
1846 789 1969 861 fidei
1988 789 2235 865 doymata

304 892 501 963 referat
524 903 648 942 eam
684 901 856 958 quam
890 881 1250 939 Pontificibus
1279 883 1547 940 tribuunt
1587 883 1647 939 in
1687 885 2034 960 deponendis
2061 887 2234 945 haere-

303 988 429 1044 ticis
447 985 676 1060 regibus
699 986 1055 1058 potestatem.
1081 1003 1109 1036 »
1133 982 1387 1056 (OEuvres
1408 984 1473 1039 de
1490 982 1734 1056 Bessum,
1754 990 1795 1040 t.
1818 984 2015 1056 XXXII,
2043 1003 2101 1061 p.
2135 987 2229 1054 74,
2319 979 2323 984 ’

306 1087 440 1145 edit.
475 1085 660 1157 Lehel,
695 1083 890 1156 1817.)

383 1186 544 1253 Nota,
602 1202 715 1240 non
756 1182 867 1238 nisi
918 1200 949 1237 a
1000 1186 1254 1256 tempore
1300 1182 1739 1256 protestantismi
1782 1184 1931 1258 apud
1974 1184 2232 1242 doctores

307 1285 513 1344 scholae
539 1282 847 1341 invaluisse
874 1301 1044 1339 usum
1081 1301 1329 1338 censuras
1374 1283 1687 1355 theoloyicas
1732 1283 1996 1340 inurendi
2027 1284 2231 1342 errori-

303 1388 411 1444 bus
433 1386 679 1461 dogmati
698 1383 970 1442 catholico
1002 1382 1446 1440 adversantibus.
1479 1383 1653 1439 Antea
1681 1383 1897 1441 scilicet
1921 1402 2048 1442 raro
2073 1385 2230 1442 adhi-

302 1488 432 1544 bitae
449 1486 811 1561 reperiuntur
826 1483 1107 1558 ejusmodi
1134 1501 1412 1550 censurae,
1444 1490 1614 1559 prout
1648 1490 2000 1558 compertum
2033 1485 2228 1541 haberi

302 1591 485 1662 potest
523 1585 758 1659 legendo
794 1582 848 1638 S.
892 1584 1160 1639 Thomam
1197 1588 1251 1639 et
1278 1583 1417 1639 alios
1457 1582 1697 1639 Luthero
1728 1583 2062 1654 anterioreS‚
2091 1584 2227 1640 dum

302 1705 365 1744 ea
403 1690 760 1762 propugnant
803 1701 949 1758 quae,
993 1683 1297 1740 fatentibus
1347 1682 1634 1754 omnibus,
1680 1685 1748 1740 ad
1796 1683 1926 1740 fidei
1968 1683 2227 1757 dogmata

340 1786 606 1843 ertinent.

299 1806 334 1861 p
379 1884 603 1958 Objectio
635 1883 711 1938 5²¹.
747 1915 823 1923 —
850 1882 939 1937 Sic
976 1880 1252 1937 summari
1281 1884 1462 1954 potest
1494 1901 1504 1932 z
1537 1879 1798 1953 Theologi
1834 1884 1888 1936 et
1929 1879 2232 1938 canonistae

298 1985 486 2042 saeculi
511 1982 712 2040 decimi
739 1982 877 2038 sexti
908 1980 1256 2037 unanimiter
1283 1981 1598 2036 docuerunt
1631 1979 1866 2036 clericos
1901 1979 2227 2054 Principum

291 2082 675 2160 jurisdictioni
717 2082 875 2137 nullo
908 2081 1073 2136 modo
1104 2079 1363 2147 subesse;
1395 2080 1547 2153 atqui
1577 2078 1927 2135 contrarium
1951 2097 2104 2135 nunc
2133 2079 2231 2135 ad-

295 2181 539 2238 mittitur
563 2181 631 2236 ab
660 2180 946 2250 omnibuS,
979 2184 1146 2253 atque
1173 2178 1240 2234 ab
1269 2178 1408 2253 ipsis
1439 2177 1606 2233 etiam
1630 2176 1896 2232 Romanis
1924 2175 2228 2232 Cardinali-

295 2284 432 2349 hus3
465 2301 597 2356 ergo
616 2280 906 2337 unanimis
930 2280 1134 2335 scholae
1163 2277 1440 2334 sententia
1462 2276 1575 2331 vim
1602 2275 1879 2351 probandi
1900 2293 2016 2331 non
2037 2275 2224 2332 habet.

301 2384 466 2438 —En
487 2381 654 2438 verba
681 2380 800 2454 ipsa
826 2378 1132 2434 Bossuetii:
1169 2398 1195 2428 (ι
1217 2377 1350 2441 Quis
1378 2395 1408 2433 e
1426 2376 1771 2432 scholasticis
1801 2381 1896 2431 aut
1921 2394 2051 2431 vero
2080 2393 2110 2431 e
2137 2393 2226 2432 ca-

299 2481 539 2537 nonistis
569 2477 837 2554 postremi
861 2477 962 2533 aevi
987 2495 1100 2533 non
1128 2477 1182 2533 id
1209 2475 1418 2548 docuit,
1446 2476 1683 2533 clericos
1705 2477 1862 2532 nullo
1886 2476 2048 2532 modo
2072 2476 2227 2531 Prin-

299 2581 521 2652 cipibus
563 2597 686 2635 esse
723 2577 1011 2634 subditos?
1053 2577 1221 2633 Tanta
1266 2577 1481 2652 publici
1518 2577 1666 2652 juris
1713 2576 2034 2650 ignorantia
2070 2581 2226 2633 tene-

298 2681 526 2736 bantur!
561 2679 627 2733 At
652 2695 805 2733 nunc
836 2677 1283 2750 quotusquisque
1310 2682 1415 2750 est,
1445 2695 1559 2733 non
1586 2676 1708 2733 dico
1738 2677 2097 2746 clericorum,
2126 2675 2223 2732 sed

297 2780 716 2853 religiosorum,
748 2778 1166 2853 episcoporum,
1201 2777 1368 2833 etiam
1390 2778 1654 2834 Romanae
1677 2777 1938 2835 Ecclesiae
1965 2777 2224 2835 Cardina-

297 2881 465 2947 lium,
496 2879 592 2953 qui
615 2896 726 2934 non
756 2896 813 2933 se
832 2876 1087 2933 subditos
1116 2876 1235 2933 suis
1262 2877 1493 2951 regibus
1514 2877 1815 2948 fateantur,
1852 2877 2018 2934 salvis
2053 2877 2226 2952 privi-

293 2978 455 3054 legiis
498 2977 683 3034 ordini
720 2994 819 3033 suo
855 2975 1111 3033 Ecclesiae
1155 2975 1490 3032 auctoritate
1539 2977 1843 3048 concessiS,
1889 2981 1943 3031 et
1991 2975 2219 3050 publica

291 3097 597 3154 regnorum
622 3078 743 3151 lege
767 3076 1042 3133 firmatis?
1072 3099 1098 3129 ι)
1135 3076 1498 3150 (Edit.Lebel‚
1531 3077 1701 3143 1817,
1726 3081 1768 3134 t.
1787 3075 1984 3146 XXXII,
2013 3094 2070 3149 p.
2098 3074 2218 3147 75.)

365 3178 751 3252 Respondetur.
772 3210 848 3221 ——
876 3176 1086 3233 Nititur
1122 3180 1228 3234 hoc
1244 3176 1523 3234 Bossuetii
1555 3178 1958 3249 argumentum
1995 3172 2221 3229 duobus

291 3277 523 3336 assertis
558 3275 715 3332 falsis
747 3298 760 3330 ε
796 3275 851 3331 10
883 3274 1092 3331 falsum
1122 3280 1207 3332 est
1235 3275 1566 3331 unanimem
1598 3274 1667 3329 de
1703 3271 1951 3328 clerIcali
1990 3289 2218 3347 exemp·

289 3377 441 3433 tione
464 3373 778 3431 doctrinam
810 3374 1014 3430 saeculo
1056 3394 1137 3430 xw
1164 3392 1288 3431 eam
1316 3372 1494 3430 fuisse
1519 3389 1691 3447 quam
1725 3371 1926 3427 asserit
1954 3369 2211 3433 Bossuet;

293 3477 349 3534 2⁰
390 3476 599 3532 falsum
635 3478 721 3530 est
760 3473 1074 3530 doctrinam
1119 3475 1186 3532 de
1225 3473 1471 3530 clericali
1505 3471 1858 3547 exemptione
1889 3471 2094 3529 saeculo
2132 3489 2194 3526 xv

293 3575 654 3635 communius
682 3578 986 3649 receptam,
1024 3575 1385 3650 postmodum
1423 3572 1773 3631 unanimiter
1808 3578 2062 3647 tempore
2086 3569 2210 3626 Bos-

297 3676 464 3735 suetii
499 3674 765 3749 rejectam
789 3673 989 3730 fuisse.
