2352 4126
287 345 343 389 50
964 339 1258 388 TRACTATUS
1288 337 1355 383 DE
1385 338 1535 385 PAPA.

280 449 591 507 thodoxum
618 455 673 507 et
697 451 765 507 ad
791 467 912 506 rem
947 463 1109 504 suam
1132 443 1435 501 facientem
1458 445 1759 520 reputavit.
1784 445 1964 522 Fingit
1991 465 2195 524 nempe

279 550 607 608 Bossuetius
635 549 865 606 solitum
906 547 1131 602 Ivonem
1161 543 1498 602 documenta
1530 544 1746 620 integra
1783 549 2166 606 transcribere
2189 592 2209 606 .

280 649 342 708 Id
368 668 601 725 prorsus
626 648 856 704 falsum.
886 645 996 719 Ipsi
1022 661 1052 701 e
1076 647 1273 701 contra
1301 643 1530 701 solitum
1553 645 1676 702 loca
1713 643 2047 702 intermedia
2074 667 2197 724 quae

279 750 350 806 ad
384 768 618 824 scopum
658 748 780 821 ejus
813 763 927 801 non
954 744 1166 802 faciunt
1201 762 1478 812 resecare;
1524 744 1592 802 de
1623 764 1735 820 quo
1758 750 2067 820 praemonet
2106 765 2205 822 per

279 850 448 906 verba
472 850 594 903 item
611 845 697 902 vel
724 853 773 900 et
793 847 956 919 infla,
979 844 1115 901 dum
1145 862 1246 919 per
1268 843 1498 916 saltum,
1527 849 1654 918 post
1678 862 1860 900 unum
1886 845 2199 921 transcrip-

276 953 399 1005 tum
423 946 636 1013 locum,
677 944 859 1020 pergit
897 944 967 1001 ad
1003 943 1208 1014 alium,
1240 943 1466 1000 omissis
1501 943 1892 1013 intermediis;
1923 950 2093 1020 prout
2120 946 2204 1002 vi-

281 1046 414 1102 dere
440 1050 548 1116 est,
574 1043 731 1100 verbi
757 1043 957 1119 gratia,
987 1043 1169 1119 capite
1200 1062 1368 1100 cccmu
1399 1043 1573 1118 partis
1609 1043 1666 1100 V.

356 1143 581 1218 Objectio
620 1145 775 1200 tertia
813 1143 1100 1199 Bossuetit.
1126 1142 1378 1216 —Apud
1404 1141 1750 1211 Gratianum,
1795 1143 2000 1202 citatus
2040 1145 2202 1203 locus

277 1244 458 1301 sancti
491 1243 740 1317 Gregorii
770 1243 855 1299 Vll
880 1243 1117 1300 habetur
1147 1242 1327 1317 capite
1350 1247 1629 1317 separatO,
1658 1243 1762 1299 sub
1787 1244 1890 1300 hac
1919 1243 2146 1301 rubrica
2186 1267 2199 1299 :

276 1346 322 1402 A
363 1345 640 1416 fidelitatis
683 1346 843 1400 etiam
883 1346 1187 1418 juramento
1217 1344 1485 1399 Romanus
1510 1343 1760 1418 Pontifex
1786 1344 2072 1402 nonnullos
2097 1348 2190 1402 ab-

274 1444 450 1514 solvit,
477 1463 592 1499 oum
621 1444 825 1516 aliquos
855 1462 886 1499 α
911 1462 1010 1499 sua
1038 1444 1290 1515 diqizitate
1327 1444 1561 1516 deponit.
1592 1443 1668 1498 Ex
1701 1461 1764 1499 eo
1791 1444 1941 1517 quod
1961 1451 2201 1502 sanctus

274 1542 366 1599 lvo
390 1543 578 1599 locum
599 1543 768 1599 istum
798 1543 880 1599 sic
913 1542 1154 1599 seorsim
1181 1547 1235 1599 et
1261 1542 1366 1598 sub
1398 1542 1573 1597 simili
1593 1542 1760 1599 titulo
1783 1561 1896 1600 non
1918 1543 2199 1619 posuerit,

275 1639 562 1696 concludit
599 1639 924 1696 Bossuetius
963 1640 1269 1697 admissam
1312 1642 1380 1698 ab
1426 1644 1545 1716 ipso
1580 1659 1695 1697 non
1734 1640 1909 1698 fuisse
1953 1641 2191 1698 Romani

272 1736 556 1793 Pontificis
579 1755 738 1810 reges
770 1737 1089 1812 deponendi
1118 1745 1470 1812 potestatem.

351 1836 744 1911 Responctetur.
782 1871 858 1877 -—
884 1837 939 1892 Si
987 1838 1199 1893 valeret
1247 1837 1630 1904 ratiocinium,
1676 1838 1935 1911 probaret
1977 1854 2083 1893 nec
2134 1837 2204 1894 ab

273 1936 439 1992 Ivone
470 1937 778 1993 admissam
813 1937 1052 1993 Romani
1089 1936 1374 1993 Pontificis
1413 1942 1749 2009 potestatem
1787 1953 1947 2009 reges
1979 1953 2197 1993 excom-

276 2036 626 2092 municandi.
652 2036 938 2110 Siquidem
961 2055 1145 2111 neque
1168 2037 1359 2093 dehoc
1382 2036 1628 2111 speciale
1651 2035 1963 2110 capitulum
1981 2036 2204 2110 excrip-

273 2135 365 2208 sit,
382 2140 549 2208 prout
565 2135 885 2192 GratianUS.
904 2137 1275 2193 —Absonum
1292 2153 1521 2209 prorsus
1547 2134 1931 2190 ratiocinium.
1958 2133 2096 2189 Nam
2125 2152 2191 2190 ex
2262 2180 2270 2187 .

273 2249 337 2287 eo
353 2233 501 2305 quod
515 2251 663 2288 unus
679 2233 940 2288 collector
955 2233 1357 2288 documentum
1374 2231 1598 2305 aliquod
1614 2248 1726 2285 non
1740 2229 1948 2286 dividat
1964 2230 2022 2286 in
2037 2231 2200 2305 plura

279 2329 478 2403 capita,
501 2330 647 2384 sicut
675 2330 818 2386 alter
841 2330 1132 2385 canonista
1166 2328 1465 2403 posterior,
1496 2334 1550 2386 et
1580 2347 1648 2385 ex
1676 2347 1739 2386 eo
1759 2330 1909 2404 quod
1935 2330 2138 2388 titulus
2172 2351 2203 2388 a

271 2429 462 2502 priore
478 2428 742 2501 praefixus
769 2428 840 2484 sit
861 2427 1199 2501 generalior,
1222 2445 1336 2483 non
1366 2428 1622 2501 sequitur
1643 2446 1673 2484 a
1692 2428 1880 2504 priore
1906 2431 2202 2488 collectore

271 2505 575 2582 admissam
595 2543 706 2580 non
723 2525 895 2583 fuisse
914 2518 1570 2581 doctrinam'documenti
1595 2525 1744 2598 quod
1761 2526 1921 2594 citat;
1953 2545 2189 2602 praeser-

271 2623 376 2680 tim
402 2624 626 2698 quando
654 2623 870 2694 citatio,
899 2623 1011 2680 nisi
1043 2623 1243 2698 probet
1269 2623 1500 2680 titulum
1525 2625 1949 2698 particularem,
1975 2644 2080 2684 nec
2105 2645 2202 2701 ge-

273 2723 610 2780 neraliorem
640 2724 880 2799 probare
905 2724 1105 2790 valeat,
1153 2723 1249 2780 sed
1284 2724 1517 2780 omnino
1561 2724 1762 2782 stolida
1803 2726 1896 2798 sit,
1928 2731 2097 2800 prout
2140 2726 2200 2782 in

271 2823 537 2896 praesenti
557 2841 710 2878 casu‚
741 2823 872 2879 Vult
897 2840 1099 2896 nempe
1126 2823 1364 2897 probare
1390 2823 1480 2880 Ivo
1513 2825 1818 2897 (ttqnttatem
1849 2826 2199 2884 Ecclesiasti-

272 2941 396 2979 cam
419 2941 543 2979 esse
571 2925 826 2996 majorem
858 2922 1132 2996 dignitate
1164 2923 1333 2996 regia.
1363 2924 1518 2989 Quod
1547 2931 1610 2981 ut
1637 2927 1836 3001 probet
1873 2928 2073 3000 allegat
2098 2946 2200 2984 re-

275 3041 409 3097 gum
431 3029 486 3079 et
510 3023 919 3098 imperatorum
941 3022 1276 3079 auctoritate
1297 3023 1585 3080 Pontificia
1613 3024 2008 3100 depositioneS.
2029 3025 2197 3094 Quid,

276 3131 487 3198 quaeSO,
518 3123 821 3198 probarent
848 3123 968 3179 istae
997 3122 1383 3197 depositiones
1408 3123 1593 3197 quoad
1619 3124 2072 3199 superioritatem
2113 3125 2198 3181 di-

275 3223 503 3297 gnitatis
536 3223 953 3295 ecclesiasticae,
988 3223 1037 3280 si
1063 3223 1250 3280 forent
1277 3214 1591 3297 illegitimae
1616 3241 1680 3280 ac
1705 3223 1896 3297 nullae,
1928 3228 1982 3280 et
2013 3223 2198 3281 detes-

273 3321 458 3378 tandae
478 3321 905 3397 usurpationes?

351 3420 549 3489 Quarta
569 3423 788 3495 objectio
816 3420 1106 3479 Bossuetii.
1137 3454 1205 3463 -—
1223 3421 1366 3478 Dicit
1390 3420 1735 3492 BossuetiuS,
1767 3420 1899 3478 alibi
1925 3420 1995 3477 ab
2022 3422 2185 3478 lvone

276 3521 443 3578 citata
472 3521 652 3578 fuisse
678 3522 796 3577 haec
823 3520 1001 3576 sancti
1025 3521 1223 3577 Isidori
1250 3520 1594 3596 Hispalensis
1625 3521 1794 3577 verba
1823 3542 1833 3575 :
1864 3521 2053 3597 Populi
2068 3538 2199 3596 pec-

278 3629 456 3678 cantes
482 3622 711 3695 J'udieem
740 3628 978 3677 metuunt
1006 3641 1022 3673 .·
1049 3639 1196 3695 reyes
1223 3628 1398 3677 autem
1425 3623 1529 3677 nisi
1552 3621 1664 3676 solo
1692 3622 1790 3677 Dei
1817 3624 2003 3678 timore
2025 3628 2198 3677 metu-

277 3738 376 3792 que
411 3722 661 3792 qehennae
687 3726 1053 3783 coerceantur,
1097 3718 1254 3774 libere
1295 3722 1351 3774 in
1405 3738 1633 3793 nraeceps
1673 3710 1856 3777 ruunt.
1901 3720 1993 3778 His
2033 3735 2197 3795 porro
