2340 3990
354 246 444 292 584
1029 236 1328 285 TRACTATUS
1359 236 1426 282 DE
1458 236 1607 284 PAPA.

355 353 576 410 utinam
602 369 704 427 pro
723 347 994 406 dilatione
1015 345 1147 402 fidei
1173 343 1385 417 detur),
1412 344 1561 419 quod
1588 344 1902 424 liberentur
1928 364 1959 402 a
1981 339 2305 423 tyrannide}

356 451 696 514 infidelium,
719 445 877 502 etsie
900 443 1070 500 etiam
1094 442 1154 498 in
1172 449 1301 500 actu
1325 442 1575 499 secundo
1604 444 1849 501 habeant
1874 444 2223 505 territorium
2251 452 2308 530 »f

359 549 648 626 (FerrariS‚
680 565 734 602 v.
765 544 1080 614 Concilium,
1111 549 1219 600 art.
1249 545 1305 611 1,
1339 562 1399 599 n.
1431 543 1552 618 29).
2289 531 2306 609 ’-

435 650 609 706 Tertia
639 649 905 703 sententia
950 651 1107 702 tenet
1142 644 1424 718 ejusmodi
1459 644 1792 713 anularibus
1837 646 2124 722 Episcopis
2165 668 2283 709 non·

354 755 668 823 competere
696 745 1010 802 decisivum
1037 744 1374 818 suffragium
1399 743 1458 799 in
1485 744 1724 802 concilio
1761 747 2133 819 oecumeni00‚
2165 762 2314 808 eos-

351 868 460 922 que
487 867 602 904 non
630 865 752 903 esse
774 847 842 903 de
859 847 987 920 jure
1017 845 1318 903 vocandos.
1347 845 1410 901 Et
1433 844 1709 902 fundatur
1733 847 1839 904 hac
1865 847 2105 918 ratione,
2135 850 2300 923 quod'

352 947 507 1004 omni
546 945 848 1022 episcopali
883 945 1278 1019 jurisdictione
1308 950 1559 1001 careant.
1595 946 1658 1002 Et
1697 947 1964 1021 supponit
2001 966 2095 1004 eos
2130 949 2280 1006 omni

348 1045 746 1119 jurisdictione
772 1062 985 1112 carere,
1019 1045 1126 1100 hoc
1167 1044 1288 1118 ipso
1329 1044 1477 1118 quod
1514 1044 1734 1100 nullam
1767 1045 2056 1102 dioecesim
2091 1064 2283 1119 regen-

354 1145 483 1201 dam
513 1145 772 1200 habeant.
808 1144 894 1200 Sic
914 1144 1080 1200 habet
1100 1143 1363 1200 Melchior
1389 1143 1571 1200 Canus
1597 1167 1607 1199 ε
1635 1166 1661 1197 «
1685 1143 1828 1202 Sane
1847 1144 1958 1201 nisi
1985 1163 2075 1202 me
2099 1145 2286 1219 opinio

353 1245 528 1317 fallit,
581 1245 727 1300 sicut
777 1261 878 1300 nec
925 1243 1213 1316 simplices
1258 1243 1571 1317 presbyteri
1616 1243 1694 1299 ita
1742 1263 1846 1300 nec
1889 1247 2153 1302 anulares
2202 1246 2291 1302 isti

353 1343 608 1416 Episcopi
652 1343 711 1396 in
749 1340 1028 1414 synodum
1069 1341 1305 1413 cogendi
1337 1346 1490 1395 sunt.
1521 1342 1724 1396 Totum
1758 1343 1968 1416 quippe
2006 1343 2296 1400 ecclesias-
2315 1343 2327 1390 ι’

355 1442 454 1497 tici
483 1441 708 1498 concilii
739 1440 1050 1514 negotium,
1082 1457 1194 1495 non
1222 1438 1438 1495 ordinis
1469 1440 1568 1495 sed
1589 1439 2002 1512 jurisdictionis
2031 1447 2298 1516 potestate

355 1541 711 1613 transigitur.
763 1539 926 1596 Ferre
966 1557 1214 1612 namque
1273 1540 1637 1609 sententiam,
1684 1540 1900 1597 solvere
1954 1518 2052 1597 aut
2099 1541 2295 1616 ligare,

360 1642 574 1714 absque
603 1639 999 1714 jurisdictione
1028 1656 1193 1695 nemo
1229 1644 1451 1712 potest»
1486 1639 1771 1712 (Melchior
1801 1639 2014 1708 Canus,
2055 1641 2118 1696 (lc
2145 1642 2294 1698 Locis

364 1740 548 1812 theol„
579 1740 620 1794 l.
654 1740 718 1808 V,
749 1757 798 1794 c.
834 1741 910 1810 11).
958 1741 964 1748 ’
1392 1724 1421 1740 ”’

439 1840 640 1896 Eadem
679 1839 931 1896 doctrina
975 1840 1054 1896 sic
1093 1858 1122 1896 a
1153 1839 1411 1897 Suaresio
1452 1840 1757 1915 exponitur
1789 1863 1805 1894 .·
1857 1841 2038 1898 «Dico
2086 1842 2285 1898 tertio:

361 1939 466 1996 soli
493 1939 751 2013 Episcopi
784 1958 883 2014 per
922 1957 980 1996 se
1022 1945 1075 1995 et
1113 1940 1429 1996 necessario
1472 1946 1602 1997 sunt
1635 1940 1703 1996 ad
1735 1941 1970 1997 concilia
2006 1940 2286 2014 generalia

360 2039 721 2109 convocandi,
750 2044 811 2095 ut
836 2040 891 2094 in
922 2040 1033 2095 illis
1054 2039 1276 2114 judices
1301 2040 1458 2096 sint»
1492 2042 1717 2114 (deside,
1743 2042 1951 2116 disput.
1977 2042 2062 2108 ΧΙ,
2091 2047 2224 2098 sect.
2247 2062 2283 2111 1,

360 2156 417 2193 n.
469 2138 587 2211 12).
632 2137 690 2192 Id
729 2137 926 2212 probat.
967 2138 1190 2207 Suarez,
1242 2144 1363 2194 tum
1405 2139 1533 2195 aliis
1576 2139 1910 2206 rationibus,
1958 2146 2080 2195 tum
2121 2158 2185 2195 ex
2226 2157 2289 2195 eo

362 2236 512 2311 quod
538 2237 796 2311 Episcopi
829 2238 1051 2313 proprie
1083 2238 1326 2294 habeant
1348 2239 1723 2295 universalem
1746 2239 2201 2313 jurisdictionem
2230 2237 2288 2292 in

360 2336 625 2393 Ecclesia.
651 2337 841 2393 Postea
869 2355 999 2393 vero
1027 2338 1107 2394 sic
1138 2337 1306 2394 habet
1339 2360 1348 2391 :
1388 2359 1414 2391 «
1442 2338 1680 2412 Objicies
1708 2342 1882 2412 primo
1914 2361 1923 2391 :
1964 2339 2095 2394 hinc
2131 2336 2287 2410 sequi

363 2436 681 2492 Cardinales
719 2454 832 2492 non
874 2436 1159 2511 pertinere
1197 2438 1265 2492 ad
1317 2437 1623 2493 concilium
1667 2437 1713 2493 si
1749 2438 2008 2512 Episcopi
2053 2431 2314 2494 fortasse³

364 2551 477 2588 non
515 2535 647 2601 sint,
692 2535 822 2609 quia
856 2536 1075 2591 nullam
1116 2536 1320 2593 habent
1359 2542 1693 2611 potestatem
1722 2536 2158 2611 jurisdictionis.
2201 2535 2292 2592 Se·
2331 2571 2340 2574 —

366 2634 555 2698 cundo,
605 2633 754 2689 idem
800 2642 1203 2707 argumentum
1245 2642 1328 2691 est
1377 2636 1446 2691 de
1495 2635 1782 2710 Episcopis
1826 2634 2152 2690 titularibus
2194 2651 2295 2689 seu

367 2732 724 2802 anularibus,
769 2738 829 2788 ut
857 2733 1138 2807 appellant
1162 2756 1189 2786 »
1241 2733 1425 2807 (ibid,
1475 2751 1533 2787 n.
1571 2733 1683 2803 15).
1727 2733 1788 2788 Et
1817 2733 1886 2788 ad
1921 2731 2291 2806 objectionem
2328 2767 2332 2813 3

366 2848 489 2903 quae
523 2831 788 2887 anulares
827 2831 1130 2907 Episcopos
1168 2832 1422 2906 respicit,
1471 2833 1545 2888 ita
1590 2833 1893 2907 respondet
1928 2854 1940 2887 ε
1988 2831 2294 2907 «Episcopi

367 2929 630 2984 anulares
672 2929 858 2986 vocari
898 2930 1016 2986 sine
1050 2930 1218 2986 dubio
1261 2937 1502 3006 possunt
1539 2931 1607 2986 ad
1635 2932 1960 3004 concilium,
2003 2938 2056 2987 et
2089 2931 2292 2988 habere

368 3027 654 3099 suffragia.
695 3029 881 3087 Perse
916 3047 1046 3085 vero
1077 3029 1134 3084 id
1168 3029 1405 3086 minime
1431 3030 1812 3087 necessarium
1842 3036 1945 3102 est,
1980 3033 2102 3103 quia
2129 3031 2340 3103 juria-¹

368 3127 594 3180 dictione
627 3136 806 3181 carent
844 3129 1150 3201 episcopali.
1194 3129 1257 3184 Et
1301 3129 1376 3184 ita
1408 3130 1574 3186 hahet
1607 3147 1792 3185 usus»
1848 3128 2036 3202 (ibid.‚
2082 3147 2138 3186 n.
2173 3126 2331 3205 18).,2f

367 3226 559 3282 Eidem
600 3227 885 3283 sententiae
929 3229 1171 3286 adhaeret
1217 3229 1757 3301 Schmalzgrueber:
1811 3227 2120 3302 «Episcopi
2164 3226 2331 3282 litu-³

368 3324 515 3394 lares
538 3323 721 3380 vocari
756 3332 992 3398 possunt
1018 3334 1071 3381 et
1092 3326 1302 3382 habere
1330 3325 1623 3398 suffragia3
1666 3325 1763 3382 sed
1790 3343 1904 3381 non
1928 3328 2013 3380 est
2037 3337 2286 3386 necesse,
2311 3334 2316 3362 ῖ

371 3425 502 3498 quia
533 3425 658 3482 actu
685 3430 876 3482 carent
898 3425 1293 3500 jurisdictione
1314 3425 1636 3500 episcopali3
1675 3426 1869 3500 sicque
1890 3424 2095 3480 habere
2119 3436 2286 3478 usum

370 3530 610 3581 testatur
631 3525 831 3581 Suarez
854 3547 880 3579 »
917 3525 1264 3599 (dissertatio
1285 3525 1652 3600 prooemialis,
1683 3528 1708 3598 Ξ
1738 3526 1793 3596 8,
1819 3543 1878 3580 n.
1919 3524 2073 3598 525).

454 3646 480 3677 «
503 3625 543 3680 Ii
579 3625 683 3682 soii
720 3629 852 3681 sunt
883 3624 953 3681 de
981 3624 1111 3699 jure
1149 3625 1405 3696 vocandi,
1445 3625 1629 3699 inquit
1673 3623 1927 3697 Billuart‚
1961 3621 2058 3697 qui
2090 3619 2293 3704 habent
