2340 3990
335 317 426 366 322
1007 315 1310 364 TRACTATUS
1339 314 1408 362 DE
1436 316 1566 364 ΡΑΡΑ
1578 353 1588 364 .

333 426 631 496 arbitratu,
659 432 908 485 statuere
929 431 984 482 et
1001 426 1303 483 decernere
1326 430 1521 484 contra
1547 426 2005 502 consuetudineS,
2026 447 2250 510 exemp-

331 525 535 598 tiones,
557 524 990 592 reservationes,
1013 524 1128 582 sive
1145 543 1272 599 quae
1296 525 1354 581 in
1381 526 1644 583 universa
1667 526 1932 596 Ecclesia,
1957 527 2068 586 sive
2087 531 2251 591 etiam
2280 540 2291 547 “’

330 626 391 683 in
426 642 765 699 unaquaque
807 625 1095 700 provincia
1134 626 1324 682 locum
1359 626 1587 701 habent,
1633 627 1756 684 sine
1793 626 1949 684 venia
1985 634 2040 685 et
2085 629 2252 688 inter-

327 728 496 780 ventu
537 722 847 798 superioris
883 723 1245 782 hierarchicae
1283 724 1576 800 potestatis
1613 743 1644 781 a
1688 743 1799 800 qua
1838 726 2081 783 inductae
2121 733 2250 786 sunt
2289 709 2296 716 ’

327 826 424 877 aut
460 820 707 895 probatae
751 827 807 878 et
845 821 957 877 vim
1001 822 1143 896 legis
1185 822 1464 894 obtinent,
1509 815 1782 882 inducens
1809 824 2156 894 inschisma
2194 832 2248 885 et

327 920 752 978 subversionem
803 921 1139 979 hierarchici
1178 923 1498 997 regiminiS,
1542 942 1796 982 erronea.
1833 958 1905 967 -
1937 925 2069 996 VIII,
2114 925 2248 984 item

327 1017 477 1092 quod
504 1024 558 1076 et
600 1019 708 1076 sibi
737 1038 1074 1095 persuasum
1117 1040 1238 1078 esse
1276 1022 1374 1089 ait,
1398 1023 1529 1096 jura
1557 1022 1814 1098 Episcopi
1849 1042 1879 1079 a
1906 1024 2120 1080 Christo
2164 1043 2249 1083 ac-

326 1123 482 1194 cepta
498 1137 599 1194 pro
618 1119 983 1194 gubernanda
1005 1121 1251 1178 Ecclesia
1269 1139 1374 1179 nec
1398 1121 1625 1180 alterari
1647 1141 1749 1180 nec
1772 1122 2039 1197 impediri
2063 1141 2246 1198 posse,

326 1224 381 1274 et
406 1218 507 1276 ubi
539 1220 834 1293 contigerit
876 1222 1078 1276 horum
1120 1221 1341 1294 jurium
1380 1222 1712 1278 exercitium
1744 1222 1941 1296 quavis
1976 1223 2044 1279 de
2082 1240 2247 1279 causa

325 1314 504 1372 fuisse
542 1315 947 1391 interruptum,
988 1336 1154 1392 posse
1195 1337 1418 1394 semper
1460 1320 1801 1396 Episcopum
1840 1339 1902 1378 ac
1946 1321 2149 1378 debere
2189 1321 2247 1376 in

324 1413 628 1486 originaria
670 1432 770 1470 sua
809 1415 938 1488 jura
981 1416 1223 1488 regredi,
1255 1417 1726 1491 quotiescumque
1771 1419 1826 1474 id
1861 1419 2032 1492 exigit
2065 1421 2250 1493 majus

324 1513 538 1570 bonum
563 1532 678 1570 suae
703 1514 980 1579 Ecclesiae;
1014 1516 1072 1570 in
1099 1533 1163 1571 eo
1190 1518 1342 1591 quod
1363 1517 1573 1585 innuit,
1601 1517 1821 1592 jurium
1847 1518 2248 1594 episcopalium

324 1614 655 1672 exercitium
683 1615 841 1671 nulla
882 1617 1174 1691 superiore
1214 1622 1485 1692 potestate
1526 1619 1827 1693 praepediri
1866 1624 1963 1676 aut
2001 1619 2246 1676 coerceri

322 1732 507 1790 posse,
557 1715 1027 1790 quandocumque
1065 1717 1377 1792 Episcopus
1426 1717 1656 1794 proprio
1707 1718 1919 1793 judicio
1965 1719 2250 1776 censuerit

328 1812 520 1868 minus
554 1811 610 1867 id
656 1813 923 1887 expedire
967 1816 1167 1890 majori
1211 1816 1359 1873 bono
1401 1836 1515 1874 suae
1557 1817 1840 1886 Ecclesiae,
1883 1818 2158 1876 inducens
2194 1818 2250 1875 in

328 1912 576 1968 schisma
617 1918 670 1968 et
721 1914 1141 1971 subversionem
1189 1916 1530 1974 hierarchici
1577 1919 1896 1992 regiminiS,
1941 1937 2250 1976 erronea.»

327 2009 405 2065 Ex
435 2010 542 2068 ista
577 2011 937 2070 damnatione
967 2015 1249 2088 sequitur,
1280 2015 1423 2071 nulli
1448 2015 1718 2091 Episcopo
1748 2017 1830 2073 fas
1859 2035 1983 2074 esse
2012 2023 2255 2074 statuere

328 2116 520 2167 contra
534 2113 938 2187 exemptioneS,
959 2115 1387 2183 reservationes,
1409 2122 1514 2172 etc.
1528 2160 1542 2188 ,
1557 2117 1847 2174 sinevenia
1860 2123 1914 2174 et
1934 2117 2254 2174 interventu

326 2212 618 2283 superioris
649 2210 1016 2268 hierarchicae
1045 2214 1358 2286 potestatis,
1388 2234 1417 2270 a
1443 2234 1548 2289 qua
1580 2216 1824 2273 inductae
1850 2221 1980 2272 sunt
2011 2222 2106 2272 aut
2132 2235 2256 2290 pro-

327 2309 488 2380 batae,
533 2316 587 2366 et
623 2329 785 2385 posse
821 2312 1042 2385 jurium
1086 2313 1491 2389 episcopalium
1543 2314 1871 2371 exercitium
1913 2332 1941 2370 a
1981 2317 2254 2388 superiore

327 2416 593 2482 potestate
630 2412 929 2486 praepediri
959 2431 1022 2469 ac
1058 2413 1323 2470 coerceri.
1367 2415 1533 2470 Porro
1572 2419 1817 2489 potestas
1856 2415 1972 2470 haec
2012 2417 2252 2489 superior

330 2507 640 2583 EpiscopiS,
671 2515 756 2566 est
782 2511 979 2584 procul
1007 2512 1201 2583 dubio,
1226 2531 1337 2569 non
1366 2519 1581 2570 tantum
1611 2518 1856 2588 potestas
1880 2513 2252 2570 conciliorum
2296 2582 2313 2591 ‚⁷

331 2608 835 2682 oecumenicorum,
875 2612 970 2668 sed
998 2613 1167 2668 etiam
1203 2618 1448 2687 potestas
1478 2613 1859 2670 Romanorum
1895 2614 2247 2681 Pontificum,

329 2704 425 2780 qui
455 2725 517 2762 ex
544 2708 898 2781 plenitudine
926 2714 1216 2784 potestatis
1247 2714 1356 2770 sibi
1389 2714 1654 2788 praedicta
1683 2722 1990 2787 reservant,
2024 2722 2078 2771 et
2107 2716 2251 2790 epis-

330 2805 541 2879 copalis
572 2809 862 2882 potestatis
888 2811 1215 2867 exercitium
1255 2817 1533 2869 coercent.
1566 2813 1707 2887 Ergo
1729 2814 1859 2888 jure
1884 2814 2112 2889 proprio
2142 2813 2248 2870 sibi

332 2904 446 2961 haec
478 2906 771 2964 Pontifices
802 2915 1113 2969 reservant.
2126 2979 2130 2982 ,

405 3004 761 3061 PRAEnocAnvA
786 3005 932 3061 VIII‘¹.
995 3039 1037 3046 —
1059 3007 1298 3064 Romano
1332 3008 1602 3083 Pontifici,
1624 3011 1746 3083 jure
1778 3010 1974 3077 divine,
2010 3011 2251 3084 competit

324 3111 564 3176 potestas
587 3107 874 3179 recipiendi
894 3107 1277 3180 Episcopormn
1299 3111 1680 3183 appellationes
1708 3130 1739 3167 α
1760 3113 2035 3167 sententiis
2068 3118 2247 3167 contra

327 3203 470 3275 ipsos
511 3203 760 3275 prolatis,
785 3206 1140 3280 —Sequitur
1173 3227 1202 3263 e
1237 3209 1487 3265 textibus
1530 3211 1889 3283 quodcumque
1933 3211 2244 3282 IiycweriS...

327 3299 495 3356 Pasce
532 3319 715 3372 (tyno-5,
744 3322 905 3376 pasce
947 3323 1087 3370 ovea,
1137 3305 1297 3379 queis
1332 3312 1549 3363 constat
1589 3309 1814 3381 plenam
1854 3315 1907 3364 et
1950 3324 2242 3382 supremam
2284 3365 2292 3372 ,

329 3399 388 3455 in
411 3399 653 3456 Ecclesia
683 3406 1013 3475 potestatem
1041 3421 1163 3459 esse
1188 3422 1364 3478 penes
1389 3405 1704 3462 Romanum
1726 3406 2074 3463 Pontificem.
2099 3406 2248 3462 Sem-

329 3515 428 3572 per
455 3497 610 3554 enim
650 3499 732 3554 fas
765 3499 871 3555 erit
914 3501 1200 3575 appellare
1243 3521 1273 3558 a
1311 3504 1586 3561 sententia
1620 3505 1919 3562 tribunalis
1958 3502 2244 3561 inferioris

332 3596 400 3652 ad
440 3596 690 3670 judicem
742 3616 1098 3673 supremum.
1145 3600 1209 3657 Et
1241 3603 1308 3668 is,
1353 3603 1459 3659 hoc
1497 3602 1617 3678 ipso
1661 3604 1808 3678 quod
1859 3603 1930 3660 sit
1966 3621 2272 3678 supremus

323 3695 519 3769 judex,
570 3697 770 3771 poterit
821 3698 1218 3772 appellationes
1267 3720 1297 3757 a
1348 3703 1642 3760 sententiis
1688 3703 2070 3778 quorumlibet
2110 3699 2250 3759 reci.-
