2340 3990
353 278 442 326 368
1033 273 1199 321 TRACT
1201 275 1329 322 ATUS
1360 274 1425 320 DE
1456 276 1604 322 PAPA.

357 385 683 444 eorumdem
710 366 1084 438 conciliorum
1109 380 1459 438 confessione
1486 381 1783 440 manifeste
1805 391 2092 446 constat.»
2119 384 2314 467 Quodt

360 490 550 541 autem
591 499 621 535 a
660 477 951 534 nonnullis
992 477 1294 535 Gallicanis
1335 478 1578 553 theologi
1611 480 1743 538 dicti
1787 483 2011 539 concilii
2037 453 2318 551 oecume--ss

363 581 564 637 nicitas
585 594 882 652 perperam
923 574 981 629 in
1007 574 1243 630 dubium
1282 580 1471 631 vocata
1504 575 1696 645 suerit,
1730 576 1855 634 vide
1895 596 2063 653 supra
2100 562 2310 656 (pai-te}

356 676 538 743 tertia,
569 680 706 732 sect.
737 674 803 744 Il,
832 691 953 748 cap.
983 691 1042 738 ιι,
1069 691 1128 728 n.
1162 673 1241 746 8)
2294 664 2313 751 s

426 774 703 831 Probatu1
733 775 788 830 4⁰
817 796 827 828 ε
866 772 1182 830 rationibus
1213 772 1567 846 theologicis.
1595 807 1663 815 —
1682 774 1754 831 De
1779 775 1887 832 fide
1918 781 2001 832 est
2030 776 2307 838 Romano
2317 807 2319 811 ·

351 873 606 931 Pontitici
651 878 971 947 competere
1017 870 1435 946 jurisdictionis
1485 870 1798 946 primatum
1856 874 1915 930 in
1961 874 2304 935 universam

351 972 677 1030 Ecclesiam.
699 971 867 1028 Porro
880 972 943 1053 id
969 970 1176 1027 falsum
1203 971 1347 1026 soret
1371 970 1419 1027 si
1441 988 1609 1045 penes
1641 970 1814 1027 alium
1843 977 2012 1029 staret
2038 977 2299 1046 potestas
2331 1015 2335 1020 -

356 1074 662 1131 concilium
714 1073 1032 1147 legitimum
1080 1071 1422 1128 convocandi
1471 1072 1683 1147 absque
1721 1072 1956 1129 Romani
2001 1047 2323 1131 Pontificisss.

354 1172 703 1229 auctoritate.
734 1172 874 1227 Nam
904 1170 1184 1243 ejusmodi
1219 1169 1543 1240 concilium,
1577 1169 1663 1225 vel
1689 1171 1905 1227 nullam
1935 1168 2165 1225 haberet
2189 1175 2313 1243 po-*fi*

350 1277 634 1338 testatem,
655 1271 742 1328 vel
760 1271 995 1325 haberet
1013 1269 1285 1341 aliquam.
1304 1268 1359 1326 Si
1379 1268 1620 1341 nullam,
1642 1287 1772 1342 ergo
1790 1287 1902 1325 non
1919 1274 2068 1325 esset
2084 1286 2276 1324 verum
2295 1287 2309 1323 <³

353 1379 407 1428 et
433 1372 748 1444 legitimum
791 1367 1124 1434 concilium;
1166 1374 1221 1422 et
1252 1371 1498 1440 potestas
1528 1366 1670 1423 illud
1698 1369 2039 1424 convocandi
2073 1359 2328 1451 absque-22*

358 1468 688 1526 auctoritate
714 1467 951 1522 Romani
973 1466 1277 1532 Pontificis,
1306 1484 1417 1522 non
1442 1473 1588 1523 esset
1614 1471 1855 1540 potestas
1881 1465 2177 1522 concilium
2202 1466 2279 1522 le·
2299 1453 2318 1501 ¹²·

355 1570 618 1644 gitimum
647 1567 1012 1624 convocandi.
1044 1566 1100 1621 Si
1130 1567 1226 1623 tali
1256 1566 1494 1623 concilio
1526 1566 1883 1622 adscribatur
1908 1571 2149 1641 potestas
2180 1564 2278 1620 ali·
2309 1589 2312 1596 ·

359 1688 490 1744 qua,
523 1686 709 1743 quaero
734 1685 992 1739 quaenam
1028 1666 1122 1720 illa
1156 1665 1258 1721 sit?
1283 1667 1363 1720 An
1391 1666 1579 1740 papali
1619 1665 1946 1722 auctoritate
1969 1664 2175 1734 minor,
2210 1681 2278 1720 an

361 1767 565 1841 major,
587 1784 657 1822 an
677 1765 942 1839 aequalis?
961 1763 1014 1819 Si
1035 1763 1243 1832 minor,
1265 1781 1396 1836 ergo
1421 1762 1721 1836 subjicitur
1741 1762 1987 1817 Romano
2008 1758 2273 1826 Pontifici,

364 1873 417 1923 et
455 1864 819 1938 illegitimum
849 1864 910 1919 fit
942 1864 1045 1919 hoc
1072 1863 1192 1938 ipso
1234 1863 1383 1937 quod
1423 1862 1696 1918 renitente
1731 1863 1873 1935 Papa
1912 1859 2270 1915 coadunetur.
2326 1871 2328 1873 '

355 1965 411 2020 Si
433 1964 665 2038 aequalis
689 1963 777 2019 vel
805 1963 1004 2036 major,
1032 1980 1166 2036 ergo
1185 1962 1343 2036 Papae
1370 1979 1483 2017 non
1505 1960 1773 2035 competit
1795 1958 1975 2034 prima
2003 1976 2103 2014 seu
2129 1955 2276 2032 prin—

352 2064 547 2140 cipalis
583 2062 907 2130 auctorita&
956 2061 1012 2116 id
1041 2066 1144 2126 cst,
1186 2061 1465 2136 primatus
1498 2059 1915 2134 jurisdictionis
1963 2058 2022 2112 in
2062 2055 2278 2112 univer·
2329 2130 2339 2138 ἡ

353 2182 474 2221 sam
504 2162 828 2219 Ecclesiam.
870 2161 1008 2234 Ergo
1047 2167 1381 2234 argumenta
1413 2160 1602 2217 omnia
1630 2178 1754 2234 quae
1785 2159 2020 2233 probant
2043 2154 2276 2212 Romani
2301 2183 2308 2191 α

353 2262 632 2321 Pontificis
656 2260 1165 2337 jurisdictionalem
1203 2262 1540 2335 primatum,
1582 2260 1820 2335 probant
1862 2257 2035 2314 simul
2066 2255 2276 2327 absque
2328 2302 2330 2306 .

352 2364 531 2439 ipsius
574 2362 907 2419 auctoritate
954 2361 1204 2434 legitime
1250 2362 1542 2418 convocari
1591 2379 1703 2417 non
1757 2377 1924 2434 posse
1975 2355 2274 2413 concilium
2313 2340 2319 2347 ’

352 2463 785 2521 oecumenicum.
816 2494 885 2502 —
905 2462 974 2517 De
1001 2461 1107 2517 fide
1135 2467 1219 2517 est
1246 2462 1460 2535 plenam
1495 2462 1652 2536 Papae
1685 2464 1998 2534 competere
2035 2460 2273 2531 potesta-

351 2569 465 2620 tem
510 2563 695 2635 quoad
744 2560 1081 2616 universalis
1125 2560 1387 2617 Ecclesiae
1437 2561 1710 2633 regimen.
1750 2560 1918 2615 Porro
1958 2557 2121 2629 piena
2164 2571 2273 2610 non

352 2663 496 2719 foret
522 2660 569 2716 si
592 2661 736 2715 alter
763 2659 1209 2732 independenter
1242 2659 1310 2712 ab
1339 2659 1461 2731 ipso
1493 2659 1712 2731 explere
1737 2661 1926 2731 posset
1950 2654 2112 2708 illum
2137 2650 2273 2708 tanti

352 2758 623 2817 momenti
643 2756 937 2830 regiminis
956 2762 1165 2822 actum,
1187 2756 1413 2812 concilii
1433 2754 1761 2811 oecumenici
1791 2751 2267 2809 convocationem.
2299 2793 2303 2796 .

350 2861 598 2935 ——Papae
627 2862 872 2933 potestas
899 2861 982 2912 est
1018 2856 1372 2911 monarchica.
1405 2855 1579 2911 Verus
1611 2859 1802 2910 autem
1828 2851 2137 2908 monarcha
2164 2866 2270 2905 non

352 2967 436 3018 est
467 2960 564 3016 ille
596 2958 877 3033 princepS‚
926 2974 1036 3030 quo
1071 2955 1246 3011 invito
1277 2960 1460 3029 potest
1486 2954 1694 3028 aliquis
1733 2954 1855 3028 ejus
1890 2951 2150 3008 subditus
2180 2966 2267 3005 co·
2305 2970 2310 2987 ’-

350 3058 508 3114 mitia
549 3056 829 3130 generalia
873 3055 1028 3129 regni
1079 3055 1329 3127 legitime
1366 3072 1686 3111 convocare.
1731 3085 1801 3094 -
1826 3051 2027 3107 Nullus
2070 3053 2151 3104 est
2178 3050 2268 3103 aut

351 3171 606 3227 unquam
632 3169 751 3208 esse
774 3151 981 3225 poterit
1006 3150 1065 3205 in
1095 3150 1362 3218 Ecclesia,
1387 3152 1485 3226 qui
1511 3170 1624 3207 non
1651 3150 1724 3207 sit
1748 3151 1998 3207 Romano
2020 3142 2267 3203 Pontifici

352 3251 617 3310 subditus
656 3254 710 3306 et
747 3249 798 3304 ei
837 3249 1063 3305 obedire
1104 3254 1381 3305 teneatur.
1421 3250 1579 3305 Petro
1619 3248 1826 3324 quippe
1860 3248 2073 3304 dictum
2111 3239 2301 3319 pasce*

352 3370 493 3424 ovea,
509 3367 672 3425 pasce
688 3365 873 3421 aqnoS.
893 3347 967 3402 Ita
989 3352 1052 3402 ut
1081 3347 1337 3421 quilibet,
1360 3348 1445 3403 vel
1467 3366 1581 3403 non
1601 3348 1671 3404 sit
1691 3349 1758 3403 de
1785 3347 1916 3403 ovili
1939 3344 2164 3415 Christi,
2183 3338 2267 3397 vel
2291 3379 2294 3381 Α

349 3454 507 3528 Papae
546 3446 782 3522 obsequi
821 3450 1098 3503 teneatur.
1148 3445 1323 3520 Igitur
1365 3452 1417 3503 et
1451 3447 1545 3504 ille
1585 3447 1676 3503 cui
1713 3446 2134 3503 adscriberetur
2170 3457 2264 3515 po-

350 3553 523 3608 testas
558 3545 866 3602 concilium
895 3543 1237 3601 convocandi
1273 3544 1716 3619 independenter
1747 3563 1777 3600 a
1803 3544 2052 3600 Romano
2081 3537 2263 3596 Ponti-

353 3648 478 3720 fice,
504 3649 790 3703 teneretur
832 3644 1026 3714 simul,
1062 3649 1340 3718 quatenus
1374 3645 1489 3701 ovis
1521 3650 1576 3702 et
1605 3644 1891 3719 subjectus
1930 3640 2156 3699 relative
2194 3634 2285 3692 ad·
