2352 4126
297 354 350 401 18
971 349 1268 399 TRACTATUS
1298 350 1365 397 DE
1396 351 1544 400 ΡΑΡΑ.

370 483 399 516 «
420 463 682 529 Quamvis
709 463 955 520 Ecclesia
986 479 1099 517 non
1125 460 1327 517 habeat
1361 442 1720 536 imperatoris
1743 464 2018 539 gladium,
2047 467 2215 524 habet

286 568 477 619 tamen
513 581 683 637 super
707 560 988 635 quoslibet
1024 558 1293 627 minoreS‚
1337 561 1435 618 sed
1475 566 1529 618 et
1575 579 1746 636 super
1777 561 1928 636 ipsos
1969 563 2214 641 impera-

285 666 457 728 tores,
502 663 800 734 imperz‘um.
831 657 1001 714 Unde'
1024 657 1075 714 ei
1103 658 1207 715 sub
1246 659 1423 734 figura
1464 660 1779 735 prophetici
1822 660 2066 719 nominis
2100 664 2215 721 dic-

283 765 407 816 tum
430 764 515 816 est
543 779 553 811 :
586 755 850 813 constitui
878 760 933 811 te
957 773 1128 830 super
1150 761 1347 829 gentes
1374 762 1431 814 et
1464 775 1639 833 regna
1667 763 1733 816 ut
1760 759 1968 816 evellas
2000 765 2055 816 et
2090 761 2213 818 des-

282 864 440 914 truas
464 861 517 911 et
545 853 840 926 disperdas
879 858 934 908 et
961 852 1223 928 dissipeS‚
1254 859 1308 910 et
1331 853 1571 912 aedifices
1593 860 1649 912 et
1680 856 1922 932 plantes,
1956 857 2138 922 Quare
2162 860 2210 916 si
2241 863 2245 867 ”

282 972 397 1011 non
434 956 615 1027 potest
641 951 917 1018 occidere,
959 955 1142 1025 potest
1166 951 1408 1009 evellere
1435 972 1447 1007 ε
1477 953 1526 1009 si
1563 970 1678 1010 non
1712 959 1898 1029 potest
1936 955 2208 1025 occidere,

279 1058 462 1128 potest
488 1053 779 1109 destruere
800 1074 827 1104 »
867 1050 1294 1126 (Epistolarum‚
1346 1053 1446 1109 lib.
1469 1052 1555 1121 VI,
1590 1054 1757 1129 epist.
1791 1056 1891 1125 283
1929 1055 1989 1110 in
2016 1055 2212 1112 Biblio-

276 1153 425 1208 theca
463 1152 706 1218 Patrum,
748 1149 882 1207 edit.
930 1149 1205 1225 Lugduni,
1248 1157 1290 1208 t.
1341 1151 1495 1221 XXII,
1527 1169 1583 1226 p.
1627 1152 1786 1225 956).
1836 1154 2011 1227 Igitur
2051 1155 2213 1211 Petro

277 1251 633 1307 Cluniacensi
669 1267 1009 1324 persuasum
1055 1249 1164 1306 fuit
1208 1250 1473 1308 Ecclesiae
1511 1258 1834 1327 competere
1871 1273 2030 1327 super
2066 1257 2210 1327 ipsos

276 1353 625 1424 imperatores
651 1351 955 1423 imperium,
983 1355 1036 1405 et
1063 1349 1391 1424 Ecclesiam,
1422 1356 1618 1425 utpote
1645 1350 2009 1408 constitutam
2038 1370 2212 1426 super

276 1455 470 1523 gentes
514 1454 568 1506 et
608 1465 781 1522 regna
820 1454 883 1504 ut
925 1447 1127 1505 evellat
1168 1453 1222 1506 et
1266 1450 1541 1517 destruat,
1586 1449 1822 1506 aedificet
1871 1456 1925 1507 et
1966 1450 2204 1526 plantet,

274 1567 438 1624 posse
476 1549 695 1605 evellere
744 1558 794 1604 et
841 1550 1137 1619 destruere,
1184 1549 1440 1623 quamvis
1483 1557 1724 1624 nequeat
1761 1551 2021 1607 occidere.
2073 1550 2208 1607 Con-

275 1648 469 1705 cordat
499 1668 631 1705 cum
669 1648 833 1704 citata
872 1649 926 1705 S.
970 1647 1239 1704 Bernardi
1281 1649 1580 1722 sententia,
1632 1649 1912 1717 videlicet,
1956 1650 2208 1723 gladium

275 1748 627 1805 materialem
670 1766 782 1804 non
830 1747 1173 1803 exerendum
1208 1746 1447 1803 Romani
1486 1747 1773 1805 Pontificis
1829 1766 1989 1804 manu
2036 1748 2207 1821 (quod

274 1847 424 1904 idem
469 1852 632 1904 sonat
662 1865 724 1903 ac
757 1865 890 1902 eum
928 1865 1034 1902 non
1066 1864 1225 1919 posse
1263 1846 1525 1918 occidere,
1569 1851 1632 1902 ut
1671 1846 1808 1903 dicit
1845 1847 2045 1902 Petrus
2083 1845 2209 1901 Clu-

273 1946 603 2019 niacensis),
638 1945 736 2001 sed
773 1947 899 2018 ejus
931 1952 1084 2000 nutu.
1114 1944 1212 1999 Ast
1259 1943 1538 2017 ejusmodi
1578 1952 1766 1999 nutum
1799 1943 2077 2000 intellexit
2113 1943 2208 1999 Pe-

270 2051 395 2102 trus
432 2045 836 2125 Cluniacensis,
867 2062 978 2099 non
1007 2061 1223 2099 meram
1255 2042 1587 2099 exhortandi
1615 2043 1963 2107 facultatem,
1992 2050 2055 2098 ut
2084 2043 2204 2099 vult

271 2145 529 2210 Bossuet,
563 2144 659 2201 sed
685 2145 961 2216 imperium
987 2142 1044 2197 in
1068 2141 1221 2217 ipsos
1264 2141 1431 2198 etiam
1459 2141 1848 2214 imperatores;
1885 2146 1939 2196 et
1974 2140 2201 2214 quidem

272 2244 579 2318 imperium
625 2243 677 2299 vi
721 2243 884 2316 cujus
927 2241 1112 2298 valeat
1156 2238 1404 2296 Ecclesia
1458 2239 1829 2312 imperatores
1871 2239 2092 2296 evellere
2137 2257 2201 2295 ac

275 2347 569 2401 destruere.

634 2578 658 2629 g
691 2576 729 2618 5.
754 2599 806 2606 —
827 2576 1026 2617 Doctrina
1055 2574 1171 2615 Petri
1197 2573 1406 2615 Blesensis
1430 2573 1550 2629 (obiit
1572 2585 1682 2615 anno
1701 2573 1841 2628 1200).

347 2750 498 2805 Inter
537 2746 683 2803 Petri
713 2745 992 2802 Blesensis
1034 2744 1295 2818 epistolas
1320 2789 1332 2809 ‚
1377 2749 1562 2799 extant
1612 2745 1894 2800 nonnullae
1933 2744 2002 2800 ab
2045 2745 2197 2801 Eleo-

270 2865 431 2913 nora,
476 2847 784 2921 Anglorum
829 2844 1045 2917 regina,
1090 2843 1159 2898 ad
1202 2843 1561 2899 Coelestinum
1606 2844 1807 2919 Papam
1837 2843 1906 2900 ΙΙΙ
1946 2844 2190 2916 directae,

269 2947 366 3004 sed
394 2965 517 3021 quae
554 2947 622 3002 ab
654 2946 780 3020 ipso
809 2945 968 3000 Petro
1002 2941 1252 2998 Blesensi
1280 2943 1611 3017 conscriptae
1636 2949 1995 3019 reputantur.
2030 2945 2089 3000 In
2124 2945 2193 3000 iis

269 3048 352 3104 sic
385 3048 570 3121 legere
608 3049 692 3100 est
723 3066 732 3097 :
774 3044 944 3099 «Duo
980 3042 1084 3097 filii
1123 3041 1263 3096 mihi
1303 3047 1640 3116 supererant
1667 3042 1736 3098 ad
1763 3042 2054 3110 solatium,
2094 3043 2191 3115 qui

268 3146 429 3204 hodie
452 3145 591 3201 mihi
614 3143 840 3200 miserae
866 3148 919 3198 et
949 3141 1225 3197 damnatae
1251 3146 1552 3214 supersunt
1580 3141 1650 3196 ad
1678 3140 2042 3215 supplicium.
2078 3140 2191 3196 Rex

266 3245 580 3303 Richardus
617 3248 840 3300 tenetur
867 3241 926 3296 in
952 3238 1196 3296 vinculis
1223 3259 1234 3290 ε
1262 3239 1502 3295 Joannes
1535 3238 1709 3295 frater
1740 3237 1922 3312 ipsius
1949 3256 2187 3312 regnum

267 3343 471 3419 captivi
497 3340 873 3416 depopulatur
898 3339 1042 3395 ferro
1070 3341 1124 3393 et
1143 3341 1321 3393 vastat
1346 3335 1698 3393 incendiiS...
1731 3336 1900 3393 Porro
1927 3335 2189 3411 Princeps

268 3440 652 3517 apostolorum
704 3437 889 3494 adhuc
929 3435 990 3491 in
1016 3434 1316 3510 apostolica
1347 3434 1480 3491 sede
1521 3440 1719 3509 regnat
1757 3441 1811 3491 et
1840 3435 2103 3509 imperat;
2135 3442 2189 3492 et

266 3540 327 3596 in
354 3537 539 3595 medio
562 3536 905 3593 constitutus
944 3538 1028 3591 est
1059 3533 1374 3607 judicarius
1405 3533 1578 3608 rigor3
1626 3534 1884 3607 illudque
1924 3539 2095 3591 restat
2126 3539 2187 3590 ut

267 3636 506 3696 exeratis
550 3635 609 3692 in
644 3633 950 3698 maleficoS,
998 3632 1180 3703 Pater,
1217 3630 1469 3705 gladium
1512 3629 1680 3700 Petri,
1735 3649 1906 3705 quem
1959 3632 2027 3688 ad
2079 3632 2183 3686 hoc

265 3737 560 3796 constituit
585 3753 755 3811 super
788 3740 978 3809 gentes
1007 3736 1062 3788 et
1083 3749 1275 3806 regna.
1307 3730 1512 3788 Christi
1537 3750 1674 3789 crux
1697 3731 1984 3790 antecellit
2013 3729 2184 3785 Caesa-
