2352 4126
277 300 336 358 40
743 327 751 339 1
946 307 1241 357 TRACTATUS
1271 301 1337 352 DE
1369 305 1522 353 PAPA.

275 419 503 476 ritualia
529 420 588 476 in
612 420 723 477 vita
752 421 860 478 ista
897 418 1116 494 politica
1151 415 1395 472 exerceri
1425 434 1538 491 non
1571 423 1830 492 possunt.
1859 420 2010 478 Unde
2034 440 2192 498 apos-

279 519 412 576 tolis
437 519 754 577 dicentibus
779 539 790 571 :
822 517 1044 573 Dimitte
1067 514 1263 571 turbas
1289 520 1353 572 ut
1374 515 1479 572 sibi
1505 508 1696 573 emant
1723 534 1899 593 escas,
1924 519 2192 579 Dominus

277 618 601 693 respondit:
631 618 748 673 Non
775 616 983 672 habent
1007 631 1240 671 necesse
1267 614 1348 672 ire
1373 638 1384 670 ε
1414 615 1539 672 date
1562 634 1659 672 vos
1682 615 1796 672 illis
1827 618 2186 678 manducare.

273 717 529 774 Tertio...
552 748 627 757 —
652 715 732 770 Ad
774 714 1027 788 primum
1066 731 1196 787 ergo
1227 719 1312 771 est
1348 714 1674 783 dicendum,
1721 717 1870 789 quod
1911 735 2012 792 per
2047 718 2190 775 illud

275 816 489 873 dictum
522 836 533 867 :
562 813 795 869 Reddite
834 831 958 887 quae
982 820 1112 869 sunt
1140 813 1377 871 ,Caesaris
1419 815 1639 883 Caesari,
1682 820 1738 871 et
1767 835 1890 890 quae
1929 822 2064 873 sunt
2096 817 2192 875 Dei

270 914 399 985 Deo,
430 930 544 968 non
573 911 928 968 subtrahitur
954 912 1201 987 potentia
1233 913 1631 988 temporalium
1655 932 1684 969 a
1705 915 1868 989 Papa;
1905 915 2001 971 sed
2027 916 2193 973 datur

273 1010 513 1084 intelligi
541 1029 664 1084 quae
690 1029 812 1067 esse
839 1010 1036 1067 debeat
1068 1011 1285 1082 justitia
1320 1011 1538 1085 legalis,
1570 1017 1635 1069 ut
1659 1012 1969 1086 unicuique
1994 1014 2194 1071 reddat

276 1110 427 1184 quod
454 1128 623 1166 suum
652 1114 757 1166 est.
806 1109 959 1166 Modo
985 1128 1096 1184 quo
1127 1109 1261 1166 dicit
1298 1110 1581 1184 apostolus
1611 1110 1701 1185 (ad
1730 1111 2008 1168 Romanos
2032 1114 2136 1187 xm)
2173 1134 2185 1168 :

273 1211 508 1268 Reddite
536 1211 800 1267 omnibus
828 1210 1033 1279 debita,
1065 1212 1151 1273 cui
1180 1212 1464 1267 tributum
1504 1211 1804 1283 tributum,
1834 1213 1926 1269 cui
1952 1214 2191 1288 vectigal

270 1311 527 1386 vectigal,
582 1311 674 1368 cui
715 1312 985 1367 honorem
1022 1312 1318 1379 honorem,
1369 1317 1424 1368 et
1461 1311 1553 1368 cui
1596 1312 1859 1369 timorem
1899 1314 2183 1371 timorem.

266 1410 683 1486 Imperantibus
726 1415 915 1465 autem
960 1414 1013 1466 et
1064 1410 1291 1484 regibus
1339 1410 1622 1467 reddenda
1673 1417 1831 1466 sunt·
1853 1413 2184 1487 corporalia,

271 1510 435 1586 quasi
467 1529 569 1585 pro
599 1510 891 1585 stipendiis
918 1510 1194 1584 ipsorum,
1224 1511 1354 1584 quia
1380 1510 1625 1567 ministri
1653 1511 1746 1566 Dei
1777 1520 1927 1578 sunt,
1966 1516 2031 1567 ut
2055 1511 2191 1568 dicit

266 1608 574 1682 apostolus.
606 1607 890 1663 Tenentur
914 1607 1065 1663 enim
1093 1607 1375 1664 Ecclesias
1407 1608 1500 1664 Dei
1527 1608 1821 1665 defendere
1850 1615 1904 1665 et
1928 1610 2188 1666 christia—

266 1725 406 1763 num
436 1707 708 1782 populum
741 1712 794 1763 et
835 1707 1244 1782 rempublicam
1286 1708 1345 1764 in
1388 1726 1522 1783 pace
1547 1726 1894 1765 conservare.
1927 1710 2029 1765 Pro
2074 1728 2186 1784 quo

265 1806 582 1863 ministerio
625 1806 1002 1881 stipendiandi
1057 1813 1189 1863 sunt
1248 1809 1516 1864 thesauro
1566 1807 1828 1864 Ecclesiae
1873 1808 2180 1882 corporali;

267 1905 398 1979 quia
430 1905 671 1979 quodam
705 1905 835 1978 jure
864 1912 1079 1963 naturae
1122 1911 1175 1961 et
1201 1905 1407 1972 divino,
1456 1923 1558 1980 pro
1598 1905 1696 1960 tali
1741 1906 2056 1963 ministerio
2095 1907 2188 1963 de-

263 2002 431 2058 betur
458 2003 538 2058 eis
566 2003 674 2058 tale
699 2003 1046 2078 stipendium
1081 2003 1466 2078 temporale...
1513 2003 1656 2077 Ergo
1696 2022 1759 2060 ex
1801 2005 1898 2059 tali
1932 2004 2062 2078 jure
2104 2023 2186 2062 re-

265 2119 400 2175 gum
441 2106 495 2157 et
537 2101 943 2176 imperatorum
982 2102 1294 2178 accipiendi
1335 2102 1613 2177 stipendia
1650 2121 1760 2158 non
1803 2104 2062 2174 arguitur
2088 2104 2185 2159 Pa-

263 2221 393 2277 pam
420 2220 534 2258 non
561 2202 767 2259 habere
795 2208 1127 2277 potestatem
1155 2201 1554 2276 temporalium
1579 2206 1633 2256 et
1659 2201 2056 2275 corporalium,
2087 2202 2182 2258 sed

261 2303 449 2377 potius
478 2302 819 2376 oppositum;
861 2302 1007 2375 quod
1037 2307 1170 2356 sunt
1212 2319 1372 2373 reges
1401 2308 1454 2356 et
1480 2300 1847 2374 imperatores
1879 2302 2039 2375 quasi
2071 2301 2179 2356 mi-

212 2468 215 2470 ,
263 2400 431 2456 nistri
473 2405 528 2455 et
565 2399 917 2473 stipendiarii
951 2398 1131 2473 ipsius
1158 2399 1316 2472 Papae
1355 2403 1409 2453 et
1452 2398 1632 2473 ipsius
1671 2399 1948 2469 Ecclesiae,
1989 2406 2045 2456 et
2080 2418 2182 2475 per

258 2517 389 2555 eum
433 2497 810 2572 stipendiandi
851 2502 983 2553 sunt
1030 2498 1292 2552 thesauro
1340 2497 1619 2571 corporali
1673 2497 1853 2572 ipsius
1894 2499 2176 2567 Ecclesiae,

256 2615 359 2673 pro
400 2615 536 2671 pace
577 2603 631 2654 et
679 2597 1003 2653 defensione
1044 2597 1319 2669 ejusdem,
1373 2596 1686 2653 secundum
1724 2597 2060 2653 taxationem
2099 2598 2181 2673 ip-

259 2693 398 2750 sius
441 2694 549 2750 Nec
584 2694 748 2750 aliter
788 2700 919 2750 sunt
951 2695 1010 2750 in
1044 2699 1188 2751 statu
1234 2695 1456 2768 salutiS,
1498 2695 1543 2750 si
1587 2695 1735 2751 ultra
1781 2695 2057 2770 stipendia
2096 2696 2177 2753 eis

256 2799 437 2851 taxata
458 2795 654 2850 volunt
685 2795 830 2850 bona
863 2794 1190 2870 temporalia
1222 2813 1252 2849 a
1282 2794 1544 2851 fidelibus
1573 2795 1885 2871 subripere.
1917 2817 1944 2848 »

333 2895 654 2969 Excerptum
679 2914 745 2951 ex
780 2896 1001 2950 articulo
1037 2895 1070 2950 2
1109 2897 1406 2968 quaestionis
1438 2916 1520 2950 xx.
1550 2930 1627 2937 ——
1664 2896 1912 2951 «Utrum
1955 2915 2055 2971 per
2078 2916 2176 2972 po—

259 2998 515 3051 testatem
547 2995 790 3051 clavium
829 2996 973 3070 Papa
1011 2995 1205 3070 praesit
1239 2995 1647 3070 temporalibus
1674 3002 1729 3051 et
1757 2996 2170 3070 spiritualibus.

254 3093 425 3149 -Ad
451 3094 762 3150 secundum
795 3093 876 3149 sic
900 3094 1224 3168 proceditur
1255 3115 1266 3148 :
1300 3094 1522 3151 videtur
1551 3094 1702 3151 enim
1732 3094 1881 3167 quod
1910 3094 2049 3167 Papa
2076 3111 2176 3168 per

258 3194 591 3267 potestatem
620 3191 864 3247 clavium
894 3210 1006 3247 non
1030 3193 1220 3267 praesit
1247 3193 1640 3268 spiritualibus
1662 3198 1716 3249 et
1740 3192 2170 3267 temporalibus,

259 3287 396 3354 Quia
423 3293 696 3364 potestate
721 3289 964 3346 clavium
1005 3308 1117 3346 non
1155 3291 1406 3366 aperitur
1437 3290 1550 3347 nisi
1590 3309 1827 3365 regnum
1871 3291 2168 3359 coelorum,

257 3393 504 3464 potestas
529 3407 661 3446 vero
695 3389 1024 3464 temporalis
1058 3390 1236 3466 aperit
1268 3408 1505 3463 regnum
1544 3395 1858 3447 terrenum.
1896 3393 2016 3447 Non
2043 3408 2172 3465 ergo

256 3489 402 3564 Papa
437 3492 638 3563 praeest
679 3489 1086 3565 temporalibus
1123 3493 1394 3564 potestate
1446 3489 1763 3546 clavium...
1805 3523 1875 3530 —
1926 3490 2172 3565 Respon-

255 3585 422 3642 detur
459 3585 781 3654 dicendum,
832 3586 981 3660 quod
1026 3585 1171 3641 sicut
1210 3585 1411 3660 duplex
1450 3590 1535 3642 est
1578 3586 1710 3660 vita,
1752 3587 2076 3662 temporalis
2117 3593 2170 3643 et

254 3688 481 3759 aeterna,
512 3685 588 3742 ita
623 3685 829 3761 duplex
861 3684 1115 3759 regimen
1150 3684 1352 3741 animae
1387 3690 1441 3742 et
1475 3684 1787 3760 spiritualis
1824 3691 2038 3743 naturae
2077 3685 2169 3741 de-
