2352 4126
940 393 1069 440 rias
1107 389 1324 445 Quian.
1531 392 1545 399 ⁴
1673 442 1680 450 „
2049 386 2074 430 9

195 521 448 562 summus
470 501 719 558 Pontifex
742 497 1010 555 ordinarie
1026 493 1341 568 judicandis
1366 511 1430 550 ac
1454 490 1789 549 dirimendis
1806 487 2077 563 ejusmodi

193 601 384 658 litibus
412 616 629 668 vacare3
663 602 780 653 tum
807 593 939 667 quia
972 592 1135 648 debet
1168 592 1461 649 altioribus
1498 591 1744 661 intentus
1774 605 1925 657 esse3
1956 591 2076 643 tum

195 702 360 759 etiam
388 697 534 774 quod
563 692 874 770 principum
899 694 953 746 et
983 706 1182 758 regum
1208 695 1372 745 terrae
1408 707 1610 744 munus
1633 688 1705 744 sit
1724 686 1934 762 judicia
1962 685 2078 741 haee

196 812 470 860 exercere3
503 793 558 848 2⁰
587 789 693 864 ipsi
723 796 904 845 tamen
930 785 1162 841 vetitum
1196 803 1304 841 non
1330 792 1411 842 est
1443 786 1498 841 id
1523 785 1964 842 officiiexercere
1992 801 2080 838 ex-

200 891 568 957 traordinarie,
600 886 658 942 id
684 891 787 955 est,
821 884 1128 939 necessitate
1161 884 1420 954 eaeiyente,
1460 901 1557 939 seu
1591 882 1775 956 aliqua
1809 898 1965 938 causa
1992 898 2080 935 ur-

198 1001 365 1066 yente.
406 991 734 1046 Persuasum
776 984 947 1056 igitur
983 989 1171 1038 saneto
1204 979 1510 1046 BernardO,
1552 981 1796 1037 Romano
1839 978 2085 1036 Pontifici

201 1106 309 1144 non
341 1087 530 1143 deesse
566 1087 889 1158 potestatem
917 1079 975 1134 in
1014 1079 1287 1154 ejusmodi
1316 1079 1464 1149 lites,
1502 1097 1565 1134 ac
1602 1079 1831 1152 proinde
1869 1078 1927 1132 in
1965 1094 2084 1133 rem

201 1182 551 1256 temporalem
596 1180 917 1237 societatum
954 1177 1223 1242 civilium,
1262 1177 1319 1231 in
1346 1195 1476 1232 casu
1502 1177 1826 1231 necessitatis
1871 1174 1955 1230 vel
2002 1193 2088 1229 ur-

199 1281 366 1352 yentis
407 1296 598 1345 causae,
642 1277 696 1332 id
740 1282 823 1332 est
851 1277 935 1348 (ut
967 1274 1158 1348 procul
1203 1274 1370 1330 dubio
1395 1272 1672 1329 intellexit
1709 1277 1931 1328 sanctus
1974 1271 2078 1337 vir)

199 1375 416 1450 quando
456 1375 509 1429 id
537 1391 761 1431 necesse
804 1373 944 1428 soret
979 1372 1045 1427 ad
1086 1371 1503 1446 praecavendum
1527 1387 1688 1442 grave
1711 1368 1999 1443 religionis
2030 1377 2088 1424 et

198 1471 452 1527 Ecclesiae
478 1469 892 1525 detrimentum.

274 1567 403 1634 Quid
427 1568 642 1623 Bossaet
671 1568 739 1621 ad
761 1568 894 1621 hanc
918 1567 1144 1620 teoetam?
1168 1598 1238 1608 —
1263 1565 1374 1620 Sibi
1401 1566 1674 1621 faventem
1700 1561 1879 1635 fingit.
1914 1561 2085 1617 Citato

201 1682 395 1739 nempe
428 1666 546 1720 loco
573 1663 669 1720 ubi
697 1663 830 1719 dicit
858 1662 1189 1726 Bernardus,
1225 1663 1443 1717 nullum
1469 1660 1856 1735 Apostolorum
1879 1658 2088 1715 sedisse

196 1763 438 1833 judicem
474 1764 781 1828 bominum,
817 1770 908 1816 aut
937 1761 1228 1817 divisorem
1267 1761 1656 1829 terminorum,
1690 1764 1785 1814 aut
1820 1757 2083 1813 distribu-

203 1865 378 1915 torem
405 1865 703 1925 terrarum,
732 1861 809 1914 sie
826 1860 1091 1914 exclamat
1120 1859 1381 1914 Bossuet:
1413 1881 1439 1911 «
1463 1860 1529 1913 At
1555 1875 1725 1926 nunc,
1754 1857 1799 1913 si
1830 1856 1937 1915 Deo
1969 1855 2085 1929 pla-

203 1962 305 2024 cet,
330 1974 428 2029 pro
459 1957 753 2030 apostolica
773 1957 1094 2012 auctoritate
1112 1957 1303 2012 orbem
1323 1958 1390 2011 ad
1414 1957 1707 2012 arbitrium
1731 1955 2000 2023 divident,
2025 1972 2087 2008 ac

204 2053 459 2122 ducatus,
497 2053 928 2117 marchionatuS,
967 2052 1276 2118 comitatus,
1319 2054 1437 2126 ipsa
1478 2053 1641 2108 etiam
1688 2070 1852 2124 regna
1897 2050 2084 2104 distri—

201 2150 392 2204 buent.
430 2170 456 2199 »
488 2150 776 2221 (DefensiO,
809 2157 958 2221 parte
985 2150 1024 2218 Ι,
1055 2150 1196 2205 libro
1222 2151 1306 2219 111,
1346 2169 1464 2223 cap.
1507 2152 1614 2213 xV.)
1653 2150 1718 2204 Ut
1755 2146 2085 2203 adversariis

194 2247 586 2303 suisinvidiam
605 2247 861 2315 concitet,
882 2248 962 2302 eis
986 2247 1197 2320 affingit
1215 2248 1505 2303 Bossuetus
1527 2247 1883 2303 stoliditatem
1900 2245 2076 2310 illam,

187 2346 277 2417 jus
303 2363 424 2400 esse
446 2346 600 2418 Papae
625 2348 839 2401 ducatus
873 2354 923 2400 et
954 2364 1115 2418 reyna
1138 2365 1233 2419 pro
1263 2349 1475 2402 arbitrio
1509 2347 1837 2400 distribuere.
1863 2345 1981 2398 Mox
2002 2345 2080 2399 vi-

194 2441 341 2495 debit
367 2441 538 2497 lector
562 2442 720 2514 longe
737 2442 902 2496 aliam
919 2459 1035 2498 esse
1055 2442 1280 2497 illorum
1309 2443 1637 2498 doctrinam.
1668 2443 1879 2497 Interea
1903 2459 2079 2495 rema-

193 2545 286 2593 net
310 2557 340 2593 a
365 2538 415 2593 S.
438 2539 711 2594 Bernardo
737 2540 1061 2595 attributam
1083 2540 1235 2614 Papae
1253 2547 1577 2614 potestatem
1594 2540 1659 2596 de
1681 2540 2079 2614 temporalibus

189 2634 489 2707 judicandi,
511 2639 814 2692 necessitate
842 2640 1099 2708 eoeiyente,
1130 2656 1287 2692 cansa
1314 2647 1542 2709 arqente.
1563 2637 1710 2692 —In
1736 2638 1899 2694 citato
1927 2643 2078 2693 textu

193 2732 362 2786 sancti
385 2733 645 2788 Bernardi
666 2751 775 2788 non
795 2733 947 2788 aliud
967 2732 1199 2805 exprimi
1215 2733 1410 2788 asserit
1425 2733 1747 2789 Bossuetius
1773 2751 1939 2807 quam
1958 2733 2080 2788 doc-

193 2828 393 2882 trinam
426 2831 564 2884 lianc
592 2853 602 2883 :
632 2832 712 2886 Ad
739 2833 907 2887 claves
931 2834 1194 2904 pertinent
1228 2833 1344 2887 sola
1375 2833 1598 2889 coelestia
1629 2834 1917 2907 (Des'ensiO,
1958 2834 2078 2889 loco

189 2923 331 2994 cit.).
359 2924 461 2980 Sed
490 2926 758 2999 expressis
782 2928 964 2983 verbis
1007 2929 1204 2984 asserit
1243 2929 1296 2983 S.
1327 2929 1638 2985 Bernardus
1671 2947 1833 3003 posse
1864 2947 1894 2984 a
1936 2929 2075 3002 Papa

191 3037 278 3076 res
303 3021 469 3077 etiam
498 3023 825 3096 temporales
850 3025 1088 3096 judicari
1117 3026 1444 3090 incidenter,
1474 3030 1784 3082 necessitate
1811 3029 2072 3098 emiqente,

191 3134 346 3171 caasa
377 3119 944 3189 arpenta—Tandem
969 3121 1035 3176 ad
1065 3123 1178 3178 llaec
1203 3122 1397 3177 ultima
1427 3123 1591 3178 verba
1623 3122 1919 3178 deveniens
1950 3121 2075 3176 Bos-

193 3215 431 3286 suetius,
452 3216 657 3271 mirum
683 3235 792 3289 quo
815 3218 1020 3291 effugio
1045 3237 1162 3276 sese
1189 3221 1460 3294 expediat.
1482 3227 1534 3276 et
1558 3220 1888 3276 vocabulum
1918 3218 2070 3274 istud

194 3312 479 3367 incidenter
508 3319 864 3387 contorqueat
909 3337 919 3369 :
964 3317 1147 3381 «Quid
1173 3319 1243 3374 sit
1276 3319 1334 3372 in
1366 3337 1486 3375 rem
1515 3319 1761 3392 aliquam
1790 3318 2074 3374 incidenter

198 3419 495 3474 incurrere,
525 3411 728 3484 inquit,
763 3413 1151 3485 jurisconsulti
1186 3416 1393 3473 sciunt.
1429 3417 1560 3472 Puta
1594 3435 1722 3473 cum
1761 3417 1884 3489 quis
1912 3414 2082 3486 judex

195 3499 589 3561 ecclesiasticus
633 3506 699 3562 de
735 3509 1088 3565 matrimonio
1134 3530 1491 3586 cognoscens,
1540 3515 1844 3575 incidenter,
1896 3515 1968 3572 et,
2017 3510 2078 3560 ut

196 3595 372 3666 aiunt,
402 3604 675 3658 casualiter
694 3606 759 3661 de
785 3607 910 3663 dote
934 3609 1282 3668 alimentisve
1305 3612 1551 3669 decernit
1579 3634 1606 3665 »
1633 3611 1917 3684 (Defensi0,
1951 3606 2070 3661 loeo

193 3692 334 3764 cit.).
369 3696 492 3759 Sed,
524 3715 729 3772 quaeso,
761 3704 894 3775 quid
934 3707 1186 3780 expendit
1220 3709 1273 3766 S.
1318 3709 1630 3767 Bernardus
1669 3708 1726 3761 in
1763 3711 1873 3760 toto
1905 3702 2067 3759 citato
