2340 3990
826 303 957 350 PARS
993 303 1212 351 OCTAVA.
1790 268 1798 274 Ι
1877 308 1960 357 371
2036 336 2052 346 -

78 408 435 469 ‘damnatione
462 406 759 465 Macedonii
797 415 851 466 et
886 409 1144 465 Eunomii
1182 409 1449 465 Damasus
1481 409 1792 467 confirmari
1830 429 1967 487 prae-

72 508 231 583 cepit
254 507 419 564 etiam
453 505 511 561 in
536 511 724 563 saneta
748 507 990 563 secunda
1016 508 1246 580 synodo,
1277 525 1399 580 quae
1417 515 1681 582 praecepto
1711 517 1765 564 et
1788 517 1966 567 aucto-

84 609 250 663 ritate
273 607 383 677 ejus
406 603 551 678 apud
576 603 1102 678 Constantinopolim
1127 604 1402 660 celebrata
1427 610 1530 660 est.
1562 626 1589 658 »

161 700 500 776 Ephesinum
526 700 824 756 concilium
853 701 1169 758 convocavit
1195 701 1496 776 imperator
1523 703 1861 760 Theodosius
1880 705 1969 779 ju-

82 798 230 855 nior.
269 798 335 853 At
381 802 595 853 certum
635 802 716 853 est
757 796 1058 856 accessisse
1095 815 1430 854 consensum
1468 799 1745 856 Caelestini
1791 799 1966 875 Papae.

85 894 223 950 Nam
250 899 438 950 sancto
467 892 668 967 Cyrillo
698 893 844 950 vices
882 912 1011 950 suas
1039 894 1098 950 in
1138 894 1371 951 concilio
1402 895 1693 968 delegavit,
1723 901 1777 953 et
1813 897 1968 953 insu-

81 979 180 1066 per
218 998 332 1048 tres
364 992 501 1047 alios
532 992 741 1065 legatos
772 992 838 1047 ab
860 993 999 1048 urbe
1026 992 1197 1048 Roma
1224 991 1393 1059 misit;
1429 1010 1459 1047 a
1500 1011 1610 1064 quo
1648 1011 1781 1050 sane
1804 994 1971 1050 absti-

85 1088 301 1144 nuisset
333 1089 379 1144 si
415 1087 638 1144 concilii
677 1089 843 1163 hujus
875 1087 1232 1143 celebrationi
1260 1105 1595 1144 consensum
1624 1090 1963 1166 denegasset.

87 1184 400 1257 Delegatum
426 1183 692 1258 Cyrillum
720 1183 789 1238 ad
818 1183 1099 1238 obeundas
1136 1182 1194 1237 in
1221 1182 1454 1238 concilio
1484 1183 1764 1239 Caelestini
1797 1186 1965 1251 viceS,

81 1286 323 1337 testatur
346 1279 632 1353 Evagrius,
668 1279 754 1335 his
790 1281 971 1336 verbis
999 1301 1009 1332 :
1043 1281 1236 1352 Cyrillo
1269 1282 1525 1352 synodum
1559 1283 1882 1354 disponente,
1922 1292 1971 1338 et

86 1377 253 1432 Iocum
289 1377 544 1431 Caelestini
570 1377 754 1429 veteris
779 1376 950 1430 Romae
971 1376 1213 1447 Episcopi
1238 1378 1496 1431 obtinente
1518 1378 1635 1452 (tib.
1666 1379 1706 1443 Ι,
1733 1397 1853 1452 cap.
1880 1389 1967 1450 ιν).

86 1475 261 1546 Atque
289 1472 436 1528 idem
463 1478 676 1528 constat
702 1471 952 1546 ipsismet
973 1474 1228 1547 Ephesini
1250 1475 1470 1530 concilii
1499 1476 1653 1544 actis,
1682 1476 1739 1531 in
1767 1477 1973 1550 quibus

83 1568 304 1641 legitur,
354 1569 566 1625 actione
605 1570 783 1642 prima
814 1591 824 1624 ε
872 1570 1096 1643 Cyrillns
1121 1571 1476 1641 Alexandriae,
1507 1575 1590 1644 qui
1629 1581 1678 1627 et
1714 1572 1974 1630 Coelestini

0 1687 1 1717 ;
86 1682 282 1736 quoque
294 1668 606 1721 sanctissimi
623 1670 1062 1740 sacratissimiqne
1079 1669 1584 1725 Romctri.aeEcclesiae
1605 1673 1974 1744 archiepiscopi

0 1821 1 1828 χ
85 1761 251 1816 locum
277 1763 553 1818 obtinebat.
588 1764 761 1836 Igitur
785 1765 923 1821 facta
954 1773 1045 1826 est
1071 1784 1256 1822 revera
1286 1768 1400 1822 haec
1436 1768 1679 1840 synodus
1715 1768 1976 1824 Caelestini

0 1879 1 1882 ¹
86 1863 414 1931 aitctoritctte,
446 1871 606 1935 prout
630 1863 852 1936 scripsit
877 1870 1096 1920 sanctus
1123 1865 1353 1938 Prosper
1382 1865 1788 1938 (iruChronicis).
1816 1867 1974 1922 Facta

84 1964 165 2013 est
200 1975 400 2031 nempe
442 1977 471 2014 a
507 1959 825 2026 CoelestinO,
872 1980 978 2016 unav
1017 1980 1129 2017 cum
1160 1970 1480 2035 sceptrorum
1522 1965 1724 2018 domino
1773 1964 1850 2035 (id
1890 1971 1972 2019 est

0 2076 2 2084 >
82 2052 433 2127 imperatore)
479 2062 642 2129 prout.
685 2057 923 2112 habetur
959 2058 1015 2112 in
1059 2059 1195 2113 actis
1243 2059 1377 2114 sexti
1416 2059 1687 2131 generalis
1729 2060 1967 2124 concilii,

0 2166 1 2175 ¹
79 2149 288 2204 actione
324 2150 386 2205 18
415 2170 424 2201 :
460 2150 658 2205 Iterum
683 2150 972 2218 Nestorius,
1010 2155 1269 2207 etiterum
1303 2152 1606 2209 Caelestinus
1641 2163 1690 2209 et
1723 2155 1966 2227 Cyrillus.

83 2245 177 2301 Ille
200 2248 401 2318 quidem
430 2247 683 2303 Christum
712 2249 971 2304 dividebat
996 2258 1046 2304 et
1066 2253 1349 2321 partiebat;
1382 2254 1433 2306 hi
1460 2271 1578 2308 vero
1611 2272 1725 2308 cum
1750 2254 1970 2310 Domino

0 2327 3 2371 ἶ
80 2346 457 2414 conspirantes,
488 2364 593 2399 ‘una
619 2364 731 2400 cnm
754 2354 1075 2418 sceptrorum
1097 2349 1302 2403 domino
1328 2349 1601 2405 divisorem
1639 2352 1964 2423 dejiciebant.

75 2439 298 2513 (Labbe‚
342 2446 380 2495 t.
415 2443 498 2510 vl,
546 2443 651 2497 col.
690 2443 851 2510 1049,
896 2445 1030 2499 edit.
1071 2446 1314 2517 Parisiis,
1352 2446 1648 2519 16711.)—
1676 2449 1966 2522 Perperam

74 2537 427 2609 objiceretur,
454 2539 654 2595 saetam
673 2540 828 2613 prius
849 2541 916 2596 ab
941 2542 1272 2615 imperatore
1301 2546 1776 2612 convocationem,
1800 2567 1966 2620 quam

74 2638 443 2694 consensisset
483 2637 825 2697 Caelestinus,
863 2640 995 2696 Nam
1031 2642 1247 2698 etiarnsi
1295 2645 1399 2699 hoc
1440 2663 1634 2701 verum
1674 2647 1834 2712 soret,
1883 2666 1967 2702 se-

77 2740 342 2805 queretur
381 2734 662 2790 dumtaxat
697 2737 1042 2809 illegitimam
1079 2739 1251 2795 fuissc
1300 2743 1753 2797 convocationem
1794 2743 1969 2797 donec

75 2830 308 2885 accessit
338 2830 611 2886 Caelestini
647 2850 968 2889 consensus.
1005 2835 1107 2889 Sed
1138 2853 1317 2908 neque
1345 2837 1670 2892 conceditur
1705 2845 1830 2895 ante
1858 2839 1970 2893 dic-

76 2933 192 2984 tum
230 2946 566 2984 consensum
613 2930 808 2984 factam
856 2932 1328 2987 convocationem.
1375 2933 1510 2988 Cum
1554 2935 1703 2990 enim
1746 2942 1970 2992 sanctus

11 3087 13 3090 ¹
77 3023 308 3097 Cyrillus
333 3030 525 3080 auctor
548 3026 849 3082 Theodosio
887 3027 1057 3083 fuerit
1095 3034 1156 3083 ut
1193 3029 1313 3102 ejus
1356 3037 1496 3086 nutu
1531 3032 1775 3106 synodus
1817 3034 1968 3088 colli-

78 3127 317 3192 geretur,
355 3127 520 3193 prout
543 3127 777 3178 testatur
805 3124 1066 3197 Evagrius
1097 3127 1155 3197 (l.
1191 3127 1231 3193 Ι,
1262 3145 1311 3182 c.
1343 3130 1437 3199 ιιι),
1467 3133 1518 3183 et
1557 3129 1784 3185 aliunde
1818 3131 1965 3185 idem

77 3214 306 3291 Cyrillus
324 3217 457 3272 adeo
487 3220 833 3277 concorditer
851 3240 979 3276 cum
1003 3221 1289 3279 Coelestino
1321 3225 1513 3297 egerit,
1539 3231 1600 3281 ut
1627 3226 1672 3280 is
1699 3226 1801 3299 ipsi
1824 3226 1964 3281 vices

67 3330 204 3379 ,suas
225 3315 576 3387 delegaverit,
600 3317 723 3388 quis
741 3319 956 3376 dubitet
974 3320 1259 3395 Cyrillum,
1279 3324 1605 3396 priusquam
1626 3324 1816 3396 synodi
1838 3342 1965 3377 con-

75 3408 415 3464 vocationem
451 3409 518 3464 ab
555 3414 884 3484 imperatore
907 3417 1234 3488 postularet,
1282 3419 1400 3491 ejus
1441 3418 1585 3472 modi
1616 3419 1958 3491 propositum

73 3501 359 3559 Coelestino
389 3506 659 3563 indicasse
685 3515 738 3564 et
762 3510 935 3583 ipsius
965 3530 1302 3570 consensum
1329 3514 1672 3570 obtinuisse?

151 3598 470 3657 Concilium·
506 3604 966 3678 Chalcedonense‚
1019 3612 1274 3682 generale
1327 3617 1608 3683 quartum,
1658 3618 1954 3687 antequam
