2340 3990
914 341 1052 390 PARS·
1077 339 1284 394 QUINTA‘.
1673 328 1678 333 ¹
1952 336 2042 383 5¹5

158 453 295 524 peri,
335 451 617 507 diminuere
654 450 733 506 vel
768 454 1117 515 mutaresaut
1162 446 1390 519 aliquam
1429 447 1710 502 novitatem
1743 444 2039 517 admittere5

163 548 255 604 sed
287 550 543 621 ferventer
581 555 639 603 ut
665 564 783 603 vere
812 560 989 602 eorum
1025 544 1306 616 discipulus
1342 550 1394 599 et
1429 542 1730 616 sequipeda,
1767 543 1888 597 totis
1922 543 2043 596 viri—

167 647 259 701 bus
281 648 406 701 meis
429 645 792 716 conatibusque
821 643 1013 698 tradita
1042 659 1346 698 conservare
1361 659 1422 697 ac
1445 642 1702 705 venerari‚·
1729 640 1774 695 si
1798 656 1900 712 qua
1921 655 2041 694 vero

165 744 465 798 emerserint
505 748 687 796 contra
722 740 1046 812 disciplinam
1089 741 1389 795 canonicam
1420 738 1725 806 emendare,
1764 753 2043 808 sacrosque

167 857 387 895 canones
411 846 459 894 et
484 838 763 893 constituta
781 839 1086 910 pontificum
1114 844 1410 892 nostrorum
1435 843 1492 891 ut
1526 836 1702 891 divina
1734 842 1783 889 et
1817 834 2042 889 coelestia

164 938 411 993 mandata
463 938 749 1002 custodire,·
797 944 978 1008 utpote
1029 937 1138 1006 tibi,
1183 937 1328 991 beate
1375 935 1548 1000 Petre,
1600 934 1923 989 redditurum
1962 950 2043 988 me

161 1036 324 1092 sciens
359 1036 423 1091 de
452 1036 682 1091 omuibus
712 1053 819 1108 quae
854 1037 1106 1106 profiteor
1133 1034 1420 1087 districtam
1454 1034 1508 1086 in
1535 1033 1705 1087 divino
1734 1032 1930 1104 judicio
1959 1049 2043 1087 ra-

165 1136 373 1202 tionem,
404 1134 546 1204 cujus
573 1133 739 1187 locum
766 1132 938 1186 divina
965 1132 1263 1200 eliquatione
1280 1144 1497 1200 perayo.

234 1230 291 1284 5⁰
328 1229 573 1284 Zozimus
612 1228 748 1300 Papa
801 1227 869 1281 ad
905 1226 1195 1299 Episcopos
1224 1225 1438 1289 Africae,
1476 1224 1661 1279 Galliae
1687 1231 1738 1279 et
1767 1225 2041 1298 Hispaniae

108 1309 114 1314 ⁹
162 1325 344 1399 (epist.
374 1326 456 1397 vn)
489 1346 499 1377 ε
538 1324 663 1381 Cum
698 1325 943 1380 adversus
979 1323 1191 1378 Patrum
1220 1329 1418 1377 statuta
1443 1323 1666 1391 venitur,
1702 1339 1807 1376 non
1838 1329 2041 1376 tantum

155 1422 363 1478 illorum
393 1423 685 1494 prudentiae
717 1431 867 1495 atque
894 1423 1183 1485 sententiae,
1219 1422 1303 1492 qui
1342 1422 1395 1474 in
1422 1438 1580 1475 aevum
1618 1422 1821 1475 victura
1848 1438 2040 1475 sanaee-

156 1527 300 1589 runt,
335 1520 426 1575 sed
456 1521 830 1591 quodammodo
868 1527 916 1574 et
944 1519 1223 1575 Catholicae
1255 1520 1516 1589 irroqatur
1549 1519 1757 1590 injuria.
1786 1551 1861 1557 ——
1887 1518 2035 1573 Idem

160 1617 342 1690 (epist.
374 1625 460 1688 v):
494 1616 687 1672 Contra
716 1624 917 1672 statuta
941 1616 1180 1681 Patrunn
1218 1623 1267 1670 et
1305 1618 1470 1670 sancti
1505 1616 1546 1670 T
1546 1616 1767 1687 rophimi
1808 1633 2039 1670 reveren-

158 1717 299 1781 tiam,
348 1718 431 1787 qui
483 1718 683 1787 primus
724 1715 1153 1788 Metropolitanus
1202 1714 1521 1769 Arelatensis
1567 1716 1788 1769 civitatis
1832 1733 1894 1770 ea:
1944 1717 2037 1770 hac

154 1814 273 1868 sede
301 1813 523 1869 directus
565 1822 661 1883 est,
694 1813 973 1868 concedere
1004 1812 1082 1868 vel
1115 1820 1334 1880 mutare,
1375 1830 1439 1866 ne
1478 1812 1623 1883 hujus
1663 1812 1869 1883 quidem
1898 1813 2035 1866 sedis

147 1913 315 1983 possit
341 1913 638 1965 auctoritas.
672 1911 825 1982 Apud
848 1928 943 1965 nos
969 1911 1103 1965 enim
1129 1910 1440 1964 inconvulsis
1467 1909 1723 1963 radicibus
1756 1910 1875 1964 vivit
1904 1912 2036 1964 anti—

154 2011 345 2081 quitas,
373 2011 450 2063 cui
481 2009 685 2064 decreta
711 2009 924 2064 Patrum
951 2025 1172 2063 sanaeere
1196 2009 1552 2062 reverentiam.

228 2106 284 2159 4⁰
318 2106 581 2162 Martinus
623 2107 641 2160 Ι
675 2106 858 2179 (epist.
893 2106 984 2178 x1):
1020 2106 1254 2162 Canones
1289 2106 1657 2160 ecclesiasticos
1693 2105 1894 2160 solvere
1929 2124 2034 2160 non

147 2220 444 2275 possumus,
467 2207 586 2276 quia
606 2205 898 2277 defensores
922 2212 971 2258 et
994 2205 1231 2259 custodes
1251 2222 1506 2259 canonum
1522 2221 1720 2272 sumus,
1744 2221 1846 2258 non
1868 2211 2035 2259 trans-

152 2319 432 2373 yressores.

225 2400 390 2456 Porro
424 2418 487 2456 ex
513 2401 829 2474 hujusmodi
867 2398 1244 2456 monumentis
1279 2399 1413 2472 quid
1449 2398 1605 2472 sequi
1645 2399 1840 2454 volunt
1877 2399 2031 2471 galli-

153 2494 385 2550 canismi
423 2496 673 2552 Patroni?
704 2497 893 2554 Teneri
932 2497 1203 2552 Romanos
1234 2480 1520 2552 Pontifices
1543 2497 1615 2554 ‚ad
1653 2494 1883 2552 firmiter
1920 2513 2031 2551 ser·

152 2595 358 2650 vandos
394 2597 661 2651 canones?
698 2596 791 2651 Ast
832 2595 971 2651 illud
1010 2614 1120 2650 non
1159 2601 1378 2651 tantum
1419 2595 1794 2663 admittimUS,
1836 2594 1931 2650 sed
1971 2594 2028 2649 in

150 2691 520 2765 propositione
563 2701 706 2748 sexta
735 2693 895 2748 modo
929 2693 1035 2767 ipsi
1077 2693 1462 2767 probavimus:
1496 2692 1818 2767 excipiendo
1846 2697 2027 2748 tamen

152 2802 334 2840 casum
361 2788 701 2844 necessitatis
734 2790 818 2845 vel
839 2790 1114 2859 utilitatis,
1137 2790 1498 2846 mutationem
1520 2790 1759 2862 aliquam
1794 2788 2026 2842 suaden-

151 2882 241 2938 tis.
265 2883 496 2947 Quaestio
521 2903 631 2940 non
651 2892 733 2942 est
756 2893 938 2949 utrum
962 2889 1239 2943 Romanus
1258 2888 1504 2942 Pontifex
1524 2892 1777 2942 teneatur
1808 2903 2027 2941 servare

150 2995 406 3050 canoneS,
452 2982 548 3037 sed
581 3000 649 3037 an
689 2983 760 3038 sit
794 2983 1075 3056 subjectus
1101 2985 1432 3054 canonibuS,
1466 2985 1541 3040 ita
1574 2990 1635 3040 ut
1678 2984 1915 3040 invalida
1956 2985 2025 3042 sit

149 3094 339 3134 eorum
379 3080 690 3138 immutatio
724 3089 819 3138 aut
845 3083 1120 3156 abrogatio
1158 3103 1187 3140 a
1216 3085 1457 3141 Romana
1497 3085 1625 3140 sede
1657 3085 1819 3141 facta.
1856 3084 2024 3140 Porro

148 3171 294 3230 allati
332 3182 511 3232 textus
547 3179 866 3253 exprimunt
895 3186 1108 3236 tantum
1135 3200 1412 3238 summam
1447 3181 1602 3237 illam
1629 3181 2022 3255 obligationem

148 3287 255 3343 qua
307 3277 570 3330 tenentur
606 3277 838 3333 Romani
880 3279 1169 3336 Pontifices
1211 3281 1356 3353 leges
1401 3280 1795 3337 ecclesiasticas
1836 3279 2022 3335 firmas

147 3369 387 3426 retinere
411 3377 465 3426 et
490 3373 853 3434 observandas
885 3397 1104 3452 urgere,
1129 3380 1341 3453 quoties
1367 3399 1480 3436 non
1509 3379 1750 3436 occurrit
1782 3395 1871 3433 eas
1906 3394 2021 3432 rno-

149 3464 374 3522 derandi
414 3471 733 3528 necessitas.
775 3475 903 3539 Quae
943 3477 1224 3550 obligatio,
1275 3497 1405 3534 cum
1447 3478 1573 3532 inde
1624 3477 1835 3532 oriatur
1873 3475 2019 3547 quod

150 3560 283 3617 alias
308 3581 566 3637 magnum
600 3574 878 3641 pateretur
914 3573 1152 3631 Ecclesia
1180 3576 1594 3639 detrimentum,
1633 3581 1714 3630 est
1742 3572 1887 3646 juris
1922 3589 2018 3628 na·

152 3657 346 3714 turalis
370 3663 423 3717 et
446 3659 634 3731 divini;
658 3679 824 3736 quam
849 3668 1080 3739 proinde
1106 3671 1315 3737 tollere,
1344 3675 1406 3725 ut
1429 3669 1563 3725 dicit
1590 3668 1835 3725 Zozimus
1851 3669 2037 3743 Papa,'
