2340 3990
185 293 271 339 446
593 305 603 314 *
651 285 801 332 INDEX
831 282 984 329 JUXTA
1016 278 1357 327 MATERIARUM
1387 277 1637 326 ORDINEM.

344 398 476 451 Prop.
502 397 574 439 X2.
596 415 651 425 —
673 389 908 433 Concilium
927 387 1396 440 oecumenicumpotest
1420 398 1528 438 esse,
1550 398 1636 430 non
1657 391 1825 429 tantum
1847 387 1973 437 utile,

397 465 474 508 sed
492 463 620 505 etiam
647 458 794 501 stricte
819 457 1127 506 necessarium,
1162 457 1215 499 ad
1236 457 1318 499 hoc
1340 461 1390 500 ut
1413 456 1603 500 haeretici
1622 457 1691 498 vel
1718 455 1977 514 schismatici

396 534 448 576 ad
469 532 613 574 sinum
634 527 830 570 Ecclesiae
853 528 906 570 de
930 527 1043 570 facto
1063 527 1341 577 reducantur,
1370 527 1439 567 vel
1461 525 1612 583 saltem
1627 524 1815 578 grassari
1843 529 1886 567 et
1903 524 1982 566 Ec-

396 601 567 644 clesiam
596 597 812 652 exagitare
839 596 1038 638 desinant
1049 623 1974 642 ..................

344 671 475 723 Prop.
498 667 590 710 XI·.
609 688 665 697 —
680 663 918 706 Concilium
941 661 1252 705 oecumenicum
1277 665 1416 715 potest
1441 672 1546 711 esse,
1568 671 1655 702 non
1670 665 1838 702 tantum
1860 660 1979 712 utile,

400 736 475 780 sed
493 735 625 778 etiam
646 733 796 775 stricte
811 731 1121 782 necessarium,
1142 730 1195 771 ad
1215 730 1297 772 hoc
1316 735 1367 771 ut
1391 730 1443 771 de
1458 729 1569 771 facto
1586 729 1828 770 evellantur
1849 728 1984 781 aliqui

399 815 568 847 errores
588 795 700 844 inter
717 800 940 844 catholicos
957 797 1110 850 exorti,
1129 798 1232 852 quin
1261 802 1456 840 errantes
1471 802 1592 839 extra
1617 797 1852 839 Ecclesiam
1877 809 1982 850 pro-

332 877 356 886 ‘'
394 873 620 927 jiciantur.
677 902 687 913 .
732 887 749 914 ,⁴
787 896 1546 913 ...............
1583 891 1591 896 -
1590 896 1976 912 ........

347 945 477 997 Prop.
508 942 622 985 XIP.
649 963 705 972 —
731 937 792 980 Ad
821 937 1036 979 efficacem
1070 936 1285 977 abusuum
1318 946 1366 976 ac
1391 933 1599 976 vitiorum
1625 933 1980 988 emendationem,

401 1024 488 1053 non
514 1015 683 1052 tantum
708 1008 833 1058 utile,
869 1006 945 1048 sed
974 1004 1124 1048 stricte
1151 1004 1442 1046 necessarium
1466 1016 1558 1046 esse
1587 1008 1722 1059 potest
1751 1004 1980 1046 concilium

402 1079 716 1122 oecumenicum
727 1103 1979 1121 ........................

348 1151 479 1204 Prop.
507 1149 641 1191 XIIP.
669 1169 724 1178 —
754 1146 865 1187 Licet
903 1143 1131 1186 concilium
1162 1142 1474 1184 oecumenicum
1513 1142 1660 1183 stricte
1694 1141 1986 1183 necessarium

402 1229 493 1259 esse
522 1217 654 1269 possit
676 1215 729 1254 ad
748 1214 926 1254 effectus
952 1211 998 1251 in
1023 1211 1165 1252 tribus
1182 1211 1348 1251 ultimis
1373 1210 1736 1263 propositionibus
1757 1221 1986 1252 enumera-

401 1290 481 1331 tos,
500 1295 600 1324 vera
628 1281 759 1322 simul
783 1284 979 1321 remanet
1000 1277 1239 1319 communis
1265 1276 1512 1318 Bellarmini
1536 1282 1578 1319 et
1603 1278 1785 1319 aliorum
1803 1277 1984 1318 catholi-

400 1363 549 1393 corum
578 1349 786 1399 doctrina,
822 1347 1033 1387 nimirum
1064 1346 1244 1387 concilia
1273 1346 1528 1387 oecumeniea
1558 1358 1644 1387 non
1671 1358 1765 1387 esse
1791 1346 1984 1387 absolute

2036 591 2116 634 560

2037 865 2116 907 562

2040 1069 2118 1114 565

399 1419 640 1461 necessaria
648 1443 1332 1459 ..............
1359 1443 1362 1447 -
1374 1443 1980 1459 ............
2041 1414 2121 1456 565

347 1490 476 1541 Pr.01›
504 1487 629 1527 XM
656 1508 709 1515 -
734 1484 897 1526 Absone
923 1496 946 1525 a
973 1483 1172 1535 gallicani
1198 1483 1435 1536 systematis
1457 1483 1847 1537 propugnatoribus
1872 1484 1983 1536 obji-

397 1555 574 1596 ciuntur
598 1554 772 1593 Patr-um
794 1557 950 1602 textus,
982 1551 1055 1604 qui
1074 1551 1354 1593 conciliorum
1378 1552 1738 1594 oecumenicorum
1758 1552 1987 1630 necessita-

399 1630 487 1665 tem
513 1635 630 1664 assei
633 1634 707 1662 eie
737 1621 937 1662 videntur
947 1650 1978 1669 ....................
2043 1621 2122 1664 565

292 1702 317 1755 g
340 1700 382 1743 4.
413 1722 464 1730 —
493 1699 553 1739 Ad
579 1711 707 1750 quem
726 1697 943 1750 pe1tineat
966 1697 1196 1738 concilium
1213 1696 1525 1738 oecumenicum
1550 1709 1819 1744 convocare.
2043 1698 2121 1740 565

344 1771 475 1822 Prop.
509 1769 563 1809 1².
592 1790 646 1797 —
673 1765 855 1806 Concilia
888 1766 1150 1807 ‹neumenica
1176 1766 1365 1819 legitime
1402 1766 1607 1808 celebrari
1642 1772 1860 1820 nequeunt
1895 1767 1989 1808 sine

402 1837 653 1878 auctoritate
682 1834 860 1876 Romani
891 1835 1103 1876 pontificis
1112 1864 1984 1881 .................
2044 1836 2122 1878 565

350 1907 475 1960 Prop,
498 1906 570 1947 112.
596 1905 736 1944 Potest
766 1903 994 1944 concilium
1024 1895 1344 1946 mcumenicum'
1364 1904 1558 1956 legitime
1584 1905 1806 1946 convocari
1831 1905 1882 1947 ab
1909 1906 1991 1947 alio

400 1988 529 2029 quam
561 1976 684 2026 Papa,
716 1973 835 2015 verbi
860 1973 1016 2025 gratia,
1042 1975 1094 2015 ab
1116 1974 1390 2026 imperatore,
1418 1975 1650 2016 dummodo
1677 1974 1787 2028 Papa
1810 1987 1987 2016 consen-

401 2045 481 2086 tiat
487 2073 1980 2088 .............................
2045 2044 2122 2086 569

347 2124 477 2176 Prop.
500 2121 595 2162 111².
625 2143 678 2151 -
704 2119 814 2161 Licet
843 2119 1072 2161 concilium
1109 2118 1383 2172 illegitimum
1420 2119 1542 2162 initio
1584 2120 1715 2162 fuerit
1750 2122 1802 2162 oh
1834 2122 1987 2162 saetam

402 2191 493 2231 sine
521 2188 774 2230 auctoritate
810 2189 933 2240 Papae
962 2187 1314 2239 convocationem,
1349 2194 1487 2241 potest
1508 2189 1750 2241 legitimum
1775 2191 1885 2239 fieri,
1919 2203 1990 2231 su-

399 2257 676 2312 perveniente
694 2257 914 2298 Pontificia
933 2257 1240 2298 ratihabitione
1245 2288 1980 2306 ...............
2043 2259 2122 2301 569

349 2334 478 2389 Prop.
508 2335 594 2376 IV2.
620 2357 671 2364 —
698 2333 934 2374 Concilium
964 2332 1088 2374 initio
1111 2332 1372 2386 legitimum,
1400 2333 1434 2374 si
1461 2335 1738 2376 continuetur
1762 2340 1857 2388 post
1882 2336 1989 2389 pro-

400 2404 643 2461 nuntiatam
669 2416 691 2444 a
718 2403 827 2456 Papa
847 2403 1191 2452 dissolutionem,
1224 2403 1368 2444 statim
1395 2403 1534 2445 evadit
1561 2403 1875 2457 illegitimum..
1972 2439 1982 2448 .
2044 2404 2123 2446 569

348 2482 478 2535 Prop.
518 2481 579 2520 Ρ.
611 2503 658 2510 -
686 2480 741 2520 Ab
778 2479 1113 2533 imperatoribus
1151 2485 1376 2522 convocata
1411 2481 1588 2522 concilia
1627 2483 1903 2532 oecumenica,
1927 2483 1992 2524 vel

402 2562 500 2591 cum
527 2550 702 2590 Romani
725 2549 939 2590 Pontificis
969 2561 1179 2591 consensu
1198 2555 1423 2591 convocata
1448 2555 1562 2598 sunt,
1590 2552 1656 2592 vel
1675 2563 1894 2604 nunquam
1918 2564 1991 2594 re-

404 2623 528 2671 cepta
553 2624 655 2659 sunt
676 2624 723 2659 ut
747 2618 940 2671 legitima
950 2649 1981 2665 ....................
2045 2620 2124 2662 569

404 2688 525 2727 Nota.
553 2710 603 2717 —
629 2688 686 2727 De
705 2688 870 2728 casibus
902 2688 1274 2736 extraordinariis,
1295 2690 1348 2729 ob
1366 2701 1473 2740 quos
1490 2689 1583 2730 sine
1600 2690 1850 2731 auctoritate
1866 2691 1990 2743 Papae

457 2756 680 2796 convocari
712 2767 834 2807 posse
861 2756 1106 2804 concilium,
1134 2768 1220 2796 non
1245 2757 1417 2808 quidem
1450 2758 1637 2810 perfecte
1665 2760 1989 2809 oecumenicum,

412 2878 414 2880 Ι
461 2825 535 2866 sed
563 2829 704 2864 tamen
724 2823 867 2876 aliquo
896 2835 1024 2864 sensu
1047 2825 1263 2876 generale,
1296 2826 1470 2867 tradunt
1500 2827 1691 2868 doctores
1718 2828 1932 2872 catholici.
1974 2862 1984 2871 .
2048 2828 2126 2870 574

299 2901 324 2954 g
343 2901 384 2941 5.
413 2919 468 2930 -
497 2899 675 2946 Quinam
698 2899 750 2939 ad
773 2898 1002 2939 concilium
1027 2899 1338 2941 oecumenicum
1359 2901 1446 2942 sint
1471 2902 1641 2943 vocandi
1653 2934 1985 2948 .......
2047 2905 2126 2947 575

353 2972 482 3023 Prop.
513 2970 566 3010 1⁸.
595 2992 646 2998 —
666 2967 815 3009 Nullus
847 2968 982 3010 laicus
1009 2973 1074 3009 est
1096 2970 1333 3011 necessario
1364 2970 1415 3011 ad
1447 2971 1670 3013 concilium
1703 2973 1911 3014 vocandus
1944 2979 1992 3015 ut

403 3038 566 3092 Jundex
587 3037 644 3078 sit
665 3043 708 3078 et
724 3037 979 3090 suffragium
1000 3039 1111 3080 serat
1120 3070 1985 3087 .................
2047 3042 2126 3084 575

358 3117 488 3170 Prop.
517 3116 591 3155 11⁸.
617 3135 670 3144 —
694 3113 751 3154 De
771 3114 870 3166 jure
886 3114 1103 3156 ordinario
1129 3116 1305 3156 vocandi
1327 3121 1429 3157 sunt
1455 3121 1497 3158 et
1511 3117 1584 3169 jus
1606 3116 1800 3171 suffragii
1819 3117 1991 3160 decisivi

411 3184 567 3226 habent
592 3183 785 3235 Episcopi
806 3194 953 3224 omnes
977 3182 1316 3236 jurisdictionem
1340 3184 1544 3226 habentes
1555 3214 1877 3231 .......
1902 3211 1933 3233 Δ.
1973 3215 1986 3230 .
2047 3186 2126 3229 579

360 3260 492 3313 Prop.
519 3258 613 3299 111².
639 3280 694 3287 —
718 3257 777 3297 Ad
807 3258 1037 3299 concilium
1063 3259 1375 3300 oecumenicum
1399 3259 1603 3300 vocandos
1620 3263 1665 3300 et
1687 3271 1784 3300 cum
1809 3259 1992 3301 decisivo

411 3327 618 3380 suffragio
638 3326 922 3368 admittendos
943 3339 1035 3368 esse
1061 3339 1210 3369 omnes
1231 3328 1452 3380 Episcopos
1470 3328 1808 3380 jurisdictionem
1827 3330 1991 3371 hahen-

410 3391 492 3446 tes,
510 3402 575 3440 est
585 3396 658 3450 jus
677 3395 887 3446 divinum,
915 3397 1028 3449 quod
1049 3397 1167 3438 nulla
1190 3398 1378 3439 humana
1406 3397 1634 3439 auctoritas
1661 3398 1891 3439 immutare
1915 3410 1992 3450 po-

415 3470 521 3508 test.
572 3496 1125 3513 ...........
1213 3459 1216 3462 ’
1222 3495 1985 3513 ...............
2046 3463 2127 3508 580

298 3542 300 3545 ’
360 3546 491 3599 Prop.
523 3543 607 3586 ΠΛ.
635 3546 689 3573 -’-
709 3542 903 3596 Episcopi
925 3543 1116 3585 nondum
1138 3544 1390 3593 consecrati,
1415 3544 1491 3586 sed
1509 3543 1600 3596 jam
1625 3543 1903 3602 episcopalem
1920 3545 1993 3598 J'u-

414 3613 710 3656 risdictionem
735 3612 779 3652 in
809 3613 954 3666 aliqua
983 3613 1154 3655 dioecesi
1174 3613 1430 3662 obtinentes,
1455 3613 1658 3655 videntur
1691 3613 1743 3654 ad
1766 3613 1995 3655 concilium·

416 3681 606 3733 vocandi,
629 3686 671 3723 et
693 3693 790 3723 cum
807 3681 1012 3734 suffragio
1036 3680 1221 3723 decisivo
1244 3681 1497 3723 admittendi
1507 3711 1985 3726 ..........
2046 3678 2126 3720 382
