2352 4126
913 395 1042 442 PARS
1071 396 1293 450 QUARTA.
2025 396 2051 438 5

173 521 236 558 ac
260 503 538 558 annullari
572 499 839 576 quidquid
868 500 926 555 in
951 501 1303 558 societatibus
1326 500 1584 558 civilibus
1618 500 1765 556 dicto
1799 501 2054 558 Eccleslae

174 600 269 656 fini
298 600 552 656 nocivum
578 599 745 665 foret3
783 598 955 670 Reges
987 604 1194 666 autem,
1222 599 1491 674 gubernia
1527 605 1580 655 et
1615 598 1850 674 populos
1878 598 2052 656 teneri

175 698 400 754 omnino
436 696 504 752 ad
539 694 1034 768 obtemperandum
1067 696 1341 768 ejusmodi
1380 696 1613 754 decretis
1648 696 1969 763 Pontificiis,
1995 697 2052 751 id

178 801 280 861 est,
309 794 375 850 ad
406 793 651 849 vitandas
674 792 759 848 vel
797 791 864 864 (si
898 792 1013 864 jam
1044 791 1283 849 inductae
1322 794 1450 860 sint)
1486 795 1552 850 ad
1581 778 1939 868 'corrigendas
1965 812 2057 850 eas

179 910 370 948 omnes
417 889 687 946 societatis
737 889 914 945 civilis
954 889 1357 960 ordinationes,
1405 910 1543 964 quas
1587 892 1727 966 Papa
1782 890 2058 948 definierit

180 990 325 1046 dicto
348 987 597 1044 Ecclesiae
623 987 720 1042 fini
749 987 1047 1044 adversari.
1069 988 1328 1061 Sequitur
1359 989 1619 1058 ulteriuS,
1650 990 1696 1045 si
1717 991 1829 1045 Rex
1857 989 2059 1063 aliquis

179 1087 445 1163 populum
493 1104 658 1141 suurn
704 1086 1038 1142 catholicum
1081 1086 1483 1160 persecutione,
1523 1086 1609 1142 vel
1647 1087 1884 1143 decretis
1919 1087 2056 1152 suiS,

180 1192 273 1242 aut
302 1185 426 1241 aliis
458 1185 620 1240 malis
647 1185 859 1241 artibus
886 1191 1198 1259 pervertere
1235 1190 1429 1255 tentet,
1459 1191 1510 1241 et
1547 1184 1612 1239 ad
1645 1185 1900 1239 haeresim
1937 1185 2060 1240 infi-

180 1283 521 1339 delitatemvc
556 1283 824 1358 impellat,
853 1301 953 1339 nec
980 1283 1141 1340 aliter
1178 1284 1236 1339 in
1263 1285 1384 1357 ejus
1411 1301 1580 1356 regno
1616 1281 1753 1338 fides
1797 1283 2063 1339 catholica

180 1381 326 1438 salva
355 1400 474 1439 esse
502 1383 675 1457 possit
702 1401 869 1456 quam
898 1383 1188 1457 ipsiusmet
1219 1383 1365 1454 regis
1391 1382 1757 1456 depositione,
1786 1400 1947 1455 posse
1974 1382 2065 1437 de-

179 1480 505 1553 positionem
534 1481 686 1537 illam
709 1481 938 1537 Romani
962 1480 1237 1538 Pontificis
1259 1480 1582 1536 auctoritate
1608 1480 1916 1554 procurari.
1945 1480 2064 1535 Haec

178 1598 306 1637 sane
347 1580 681 1637 consectaria
715 1580 942 1635 maximi
967 1579 1232 1636 momenti
1260 1597 1379 1635 esse
1420 1598 1584 1635 nemo
1619 1578 1917 1652 negaverit.
1952 1577 2058 1633 Nec

179 1681 378 1736 leviora
417 1681 676 1753 oppositae
702 1679 965 1736 doctrinae
997 1679 1305 1735 corollaria.
1337 1680 1407 1734 Ex
1440 1697 1502 1735 ea
1544 1697 1743 1751 nempe
1769 1677 1945 1750 logice
1975 1677 2064 1731 de—

182 1778 400 1832 ducitur
436 1796 556 1850 quae
588 1778 988 1834 recentioribus
1019 1777 1366 1851 temporibus
1401 1782 1586 1833 vocata
1620 1783 1704 1832 est
1737 1775 2061 1831 societatum

182 1874 426 1929 civilium
462 1875 862 1938 saecularisatw,⁸
907 1875 960 1929 id
994 1879 1098 1944 est,
1142 1881 1478 1947 praetensum
1520 1877 1612 1948 jus
1651 1879 1894 1929 statuum
1935 1890 2058 1928 sese

183 1971 574 2036 constituendi,
626 1971 883 2044 legesque
924 1989 1050 2026 suas
1092 1989 1153 2027 ac
1199 1978 1393 2026 caetera
1439 1972 1697 2045 quaelihet
1737 1971 2056 2039 ordinandi,

181 2068 333 2123 nulla
370 2068 554 2123 habita
598 2069 805 2124 ratione
836 2087 976 2124 verae
1002 2068 1285 2140 religionis
1325 2087 1354 2122 a
1382 2069 1598 2123 Christo
1635 2069 1740 2122 Deo
1781 2067 2052 2130 revelatae,

180 2172 273 2221 aut
303 2165 485 2239 legum
507 2165 774 2224 Ecclesiae.
801 2167 936 2221 Nam
966 2167 1010 2222 si
1037 2172 1290 2223 teneatur
1320 2167 1652 2240 gubernium
1692 2183 1779 2221 res
1806 2183 1934 2220 suas
1964 2183 2061 2220 sae-

180 2263 393 2319 culares
426 2263 499 2318 ita
525 2263 804 2332 ordinare,
836 2270 897 2319 ut
922 2264 1089 2320 finem
1123 2263 1395 2331 Ecclesiae,
1436 2263 1491 2318 id
1526 2270 1629 2330 est,
1654 2269 1912 2318 aeternam
1947 2262 2060 2317 ani·

182 2377 397 2415 marum
438 2360 667 2416 salutem
709 2379 819 2415 non
861 2360 1179 2434 praepediat,
1215 2363 1330 2431 jam
1368 2359 1719 2430 independens
1762 2375 1872 2412 non
1913 2364 1996 2412 est
2033 2375 2062 2410 a

181 2474 436 2529 supremo
461 2457 709 2513 Ecclesiae
725 2458 972 2523 Rectore‚
999 2457 1243 2512 Romano
1279 2455 1559 2511 Pontifice.
1595 2454 1671 2508 Ad
1710 2456 1859 2509 hunc
1891 2453 2061 2525 siqui>-

184 2554 304 2608 dem
348 2554 585 2628 pertinet
624 2555 851 2610 edocere
881 2573 943 2610 ac
980 2554 1209 2611 definire
1253 2554 1386 2626 quid
1425 2555 1590 2608 saluti
1630 2554 1941 2608 animarum
1970 2551 2060 2606 ad-

182 2658 449 2719 versetur3
479 2671 605 2708 cum
633 2653 860 2726 quaestio
886 2654 1000 2708 haec
1027 2653 1332 2726 spiritualis
1363 2653 1454 2722 sit,
1495 2671 1595 2708 nec
1636 2651 2061 2726 competentiam

181 2750 354 2805 ullam
397 2751 630 2806 habeant
666 2769 821 2825 reges
858 2757 910 2807 et
949 2751 1215 2824 gubernia
1257 2751 1323 2806 ad
1367 2751 1776 2807 decernendum
1805 2751 1871 2806 dc
1903 2749 2062 2823 spiri-

181 2848 443 2904 tualibuS.

255 2944 516 3000 Caeterum
550 2947 883 3020 praecipuam
913 2948 1273 3021 quaestionem
1317 2966 1457 3014 esse,
1494 2966 1565 3003 an
1605 2948 1848 3004 Romano
1878 2947 2055 3002 Ponti-

180 3041 268 3097 fici
297 3060 421 3098 vera
451 3050 725 3117 competat
757 3044 814 3099 in
840 3062 955 3101 rem
983 3047 1338 3119 temporalem
1370 3052 1615 3102 statuum
1652 3051 1914 3119 potestas,
1945 3063 2055 3100 non

183 3146 365 3196 autem
391 3142 570 3214 qualis
597 3160 658 3198 ea
696 3142 785 3208 sit,
818 3143 949 3198 satis
978 3145 1153 3218 liquet
1175 3164 1204 3201 e
1230 3146 1410 3218 primo
1434 3152 1672 3218 quatuor
1689 3144 2054 3199 articulorum

183 3238 311 3292 anni
337 3239 501 3295 1682.
539 3240 618 3294 Ibi
654 3241 945 3313 siquidem,
986 3261 1096 3298 non
1134 3245 1237 3299 hoc
1262 3244 1346 3298 vel
1390 3243 1485 3298 illo
1518 3243 1681 3298 modo
1708 3241 2063 3314 intelligenda

188 3332 326 3389 dicta
352 3342 586 3408 potestas
610 3340 984 3405 contenditur3
1015 3340 1110 3396 sed
1136 3359 1364 3413 prorsus
1387 3348 1615 3413 negatur
1642 3339 1921 3414 quaelibet,
1951 3337 2061 3392 sive

192 3427 391 3486 directa
417 3433 528 3488 sive
554 3434 842 3500 indirecta,
873 3437 1144 3509 ejusmodi
1170 3437 1487 3494 auctoritas.

263 3524 327 3580 ΙΙ.
367 3527 757 3587 Secundariam
795 3550 920 3588 vero
959 3541 1011 3590 et
1053 3534 1287 3590 minoris
1333 3535 1599 3591 momenti
1641 3552 1761 3590 csse
1800 3531 1963 3585 aliam
1992 3527 2058 3581 de

194 3620 397 3676 directa
443 3622 772 3684 indirectave
814 3635 1079 3702 potestate
1125 3631 1507 3704 quaestionem,
1565 3630 1845 3700 colligitur
1889 3642 1955 3678 ex
1999 3639 2060 3677 eo

195 3719 342 3790 quod
382 3718 439 3773 in
476 3725 706 3793 utraque
742 3726 1008 3782 sententia
1063 3727 1231 3784 iidem
1281 3728 1338 3782 in
1397 3726 1555 3800 praxi
1596 3725 1824 3781 eftectus
1877 3735 2064 3775 conse-
