2340 3990
823 277 882 323 ΡΑ
889 276 950 324 RS
976 274 1193 329 QUARTA.
1859 272 1941 319 181

86 405 221 446 mam
245 389 462 454 veniret,
492 394 541 441 et
562 384 749 442 Natale
770 382 980 439 Domini
1009 381 1078 436 ibi
1110 378 1406 443 celebraret,
1440 378 1496 432 in
1524 378 1638 449 ipsa
1663 376 1748 431 (lie
1770 394 1944 433 sacra-
1992 376 1995 379 ’

86 487 284 542 tissima
315 484 383 538 acl
423 486 693 538 missarum
718 478 971 534 solemnia
1001 479 1234 548 veniens,
1274 476 1395 532 dum
1417 481 1541 530 ‘ante
1570 474 1947 546 confessionem

87 583 149 640 Β.
177 583 323 638 Petri
357 579 575 654 apostoli
599 577 660 633 ob
687 577 924 640 oratione
945 582 1200 646 surqeret,
1230 574 1359 629 nihil
1387 574 1556 628 minus
1582 573 1814 645 speranti
1842 570 1943 628 Leo

89 681 234 753 Papa
264 694 503 735 coronam
526 675 767 748 imposuit
797 679 848 728 et
871 674 1234 745 imperatorem
1259 671 1611 727 Romanorum
1631 671 1946 743 pronuncia-

88 780 178 833 vit.
220 776 345 832 Plus
374 773 488 831 loin
512 789 583 827 on
619 769 719 825 lit:
754 769 904 824 Anno
935 766 1043 823 875
1074 767 1294 824 Carolus
1327 767 1552 841 (calvus)
1589 767 1804 823 Romam
1840 774 1948 823 ten-
1982 835 1988 840 ¹

89 877 216 931 dens
243 893 276 930 a
298 874 492 930 Ioanne
520 869 667 941 Papa
699 868 920 939 efficitur
959 867 1255 938 imperator.

164 970 258 1026 14⁰
287 965 515 1040 Leopold
551 964 616 1019 de
654 963 938 1036 Bamberg,
967 963 1102 1018 dans
1136 962 1188 1018 la
1223 960 1436 1035 preface
1467 963 1534 1018 de
1560 980 1658 1017 son
1694 963 1859 1019 traite
1884 964 1950 1018 de

87 1069 293 1124 ,Iuribus
325 1065 543 1138 imperii,
577 1063 617 1118 s'
624 1061 870 1136 exprime
894 1060 1070 1116 ainsi.
1100 1060 1175 1115 De
1197 1063 1334 1115 sacri
1371 1062 1515 1131 reyni
1544 1067 1592 1114 et
1619 1062 1819 1133 imperii
1849 1061 1950 1116 Ro-

0 1155 1 1202 Ῑ
85 1181 345 1220 manorum
373 1163 561 1217 viribus
599 1179 631 1215 a
669 1167 898 1231 tempore
924 1167 975 1213 et
1002 1166 1122 1231 post
1154 1166 1352 1230 tempus
1388 1157 1753 1212 translationis
1780 1160 1948 1229 ipsius

83 1262 279 1331 imperii
321 1259 382 1313 cle
436 1258 627 1314 Graecis
663 1255 1056 1328 imperatoribus
1111 1256 1164 1309 in
1215 1271 1497 1325 personam
1546 1253 1720 1309 Caroli
1772 1253 1944 1325 Maqni

81 1356 148 1410 acl
174 1373 317 1426 reyes
353 1354 667 1409 Francorum
700 1362 749 1409 et
777 1354 843 1408 acl
877 1351 1178 1424 Germanos,
1212 1370 1310 1425 per
1334 1359 1718 1407 sacrosanctam
1758 1351 1948 1406 Roma-

80 1469 197 1505 nam
223 1452 500 1506 Ecclesiam
537 1453 708 1523 factae,
746 1451 1025 1506 secundum
1059 1452 1160 1506 mei
1197 1450 1547 1505 modicitatem
1582 1451 1776 1519 inqenii
1812 1458 1947 1503 trac-

85 1554 298 1618 taturus,
343 1554 441 1602 ete.
487 1547 576 1602 Cet
623 1552 838 1616 auteur,
882 1563 1093 1601 comme
1131 1562 1201 1600 on
1234 1545 1364 1614 voit,
1413 1545 1685 1618 regardait
1730 1563 1946 1600 comme

86 1662 160 1698 un
202 1645 299 1699 fait
329 1645 536 1700 certain
577 1662 680 1716 que
726 1644 777 1698 le
812 1644 1036 1716 pouvoir
1070 1643 1320 1716 imperial
1366 1643 1509 1699 avait
1551 1645 1636 1699 ete
1667 1642 1888 1698 confere
1917 1645 1945 1698 a

85 1738 467 1813 Charlemagne
504 1759 598 1814 par
631 1729 842 1810 l'Eylise
864 1744 1119 1804 romaine,
1165 1744 1217 1794 et
1245 1757 1357 1795 non
1388 1740 1541 1813 point
1583 1758 1680 1813 par
1715 1740 1767 1795 le
1796 1742 1948 1795 senat

87 1844 139 1892 et
167 1837 217 1892 le
243 1839 457 1911 peuple.

160 1936 250 1990 15ο
290 1937 474 1991 Albert
516 1937 728 2001 Krautz,
774 1942 916 1991 mort
955 1954 1021 1992 en
1066 1935 1237 2005 1517,
1265 1943 1316 1991 et
1357 1937 1474 1991 l'un
1518 1936 1612 1991 des
1652 1937 1947 1992 historiens

83 2030 379 2085 allemands
428 2032 506 2086 les
554 2033 676 2104 plus
719 2033 1049 2104 distingues,
1103 2032 1240 2087 dans
1279 2050 1374 2087 son
1422 2031 1650 2087 histoire
1697 2033 1763 2086 de
1812 2033 1946 2088 Saxe

50 2160 53 2161 ν
85 2126 143 2197 (1.
178 2126 238 2190 ΙΙ,
277 2144 323 2181 c.
368 2128 527 2196 xvui),
573 2127 861 2199 s’exprime
899 2128 1074 2182 ainsi:
1122 2128 1245 2183 Tum
1283 2146 1470 2184 ver0...
1521 2148 1632 2183 cum
1671 2130 1797 2184 nihil
1846 2131 1948 2185 tale

83 2220 296 2278 Carolus
327 2230 415 2276 aut
440 2224 685 2292 coqitaret
717 2231 807 2277 aut
829 2232 1084 2296 speraret,
1120 2226 1385 2296 mayisque
1422 2236 1681 2282 recusaret
1719 2228 1944 2282 alienum

66 2314 318 2373 'invadere
357 2322 683 2391 imperatoris
720 2322 982 2387 honorem,
1026 2324 1162 2394 infra
1196 2324 1471 2377 missarum
1510 2325 1783 2391 solemnia,
1824 2326 1944 2379 (lum

83 2425 202 2471 ante
231 2420 593 2489 confessionem
625 2417 688 2473 B.
730 2419 871 2474 Petri
903 2421 1123 2493 apostoli
1152 2422 1215 2475 ab
1248 2424 1483 2476 oratione
1520 2431 1772 2493 surgeret,
1799 2423 1942 2495 Papa

85 2513 130 2565 ei
180 2530 414 2567 coronam
462 2516 700 2586 imposuit
743 2523 793 2570 et
832 2518 1194 2588 imperatorem
1238 2536 1509 2572 romanum
1553 2523 1939 2592 pronunciavit.

83 2607 219 2664 Dans
259 2628 332 2664 un
365 2616 517 2666 autre
550 2611 616 2667 de
645 2629 729 2668 ses
768 2631 1027 2685 ouvrages
1065 2614 1104 2668 il
1140 2615 1253 2670 dit:
1297 2615 1428 2672 Olim
1462 2620 1799 2690 imperatores
1838 2637 1939 2673 ‘non

81 2708 218 2778 passi
242 2710 404 2762 vivere
426 2709 694 2781 Pontifices
719 2712 787 2765 ad
810 2713 1062 2784 supplicia
1093 2713 1427 2778 devocabant;
1457 2723 1505 2770 et
1531 2716 1772 2772 Graeculis
1799 2725 1944 2788 post-

83 2819 232 2872 quam
269 2806 406 2874 apud
435 2824 518 2860 eos
547 2781 954 2881 extincta⁸stirpe
980 2809 1328 2880 Constantini,
1365 2813 1549 2868 deinde
1578 2817 1750 2886 mayni
1787 2815 1828 2869 T
1830 2816 1947 2870 heo-

81 2896 230 2962 dosii,
260 2918 360 2954 non
393 2902 615 2957 habuere
643 2904 936 2975 Pontificem
963 2909 1063 2962 nisi
1088 2925 1237 2979 quem
1272 2912 1369 2982 ipsi
1394 2914 1806 2982 confirmassent,
1835 2931 1946 2966 mu-

83 2999 204 3048 tatae
234 3003 354 3050 sunt
384 2999 512 3052 vices
533 3019 549 3049 .-
581 3006 636 3053 ut
667 3017 771 3054 uon
802 3001 1050 3058 habeatur
1075 3006 1355 3077 imperator
1373 3010 1475 3062 nisi
1501 2998 1649 3080 quem
1681 3009 1944 3064 Romanus

83 3086 317 3162 Pontifex
336 3095 647 3164 confirmarit
663 3103 713 3150 et
742 3102 1072 3154 consecrarit.
1104 3100 1310 3157 Domini
1332 3110 1407 3157 est
1436 3111 1575 3158 terra
1606 3113 1653 3159 et
1670 3106 1942 3176 plenitudo

85 3185 210 3258 ejus.
241 3187 352 3258 Ipse
378 3188 621 3263 transferi
644 3212 802 3266 reyna
831 3203 880 3249 et
904 3199 1142 3268 imperia,-
1178 3201 1572 3273 diynissimeque
1604 3205 1672 3256 acl
1705 3221 1854 3257 suu-m
1890 3205 1941 3255 in

86 3283 234 3335 terris
267 3286 506 3341 vicarium
530 3289 619 3344 hoc
644 3308 845 3346 sacrum
866 3295 1209 3351 ministerium
1241 3298 1491 3369 deleqavit
1531 3299 1650 3365 (lib.
1681 3300 1719 3363 I,
1753 3300 1942 3354 Metro-

79 3375 236 3446 polis,
267 3395 312 3432 c.
343 3382 463 3452 xiv).
495 3383 710 3458 D’apres
742 3388 794 3442 la
820 3391 1146 3462 persuasion
1180 3394 1246 3449 de
1278 3400 1361 3450 cet
1384 3401 1603 3462 auteur,
1637 3395 1770 3449 c’est
1802 3393 1941 3446 donc

82 3472 133 3527 le
153 3473 290 3546 Pape
315 3476 407 3547 qui
435 3495 464 3532 a
499 3479 675 3538 donne
710 3483 960 3558 l'empire
987 3490 1016 3542 a
1043 3488 1457 3564 Charlemagne,
1488 3498 1541 3548 et
1580 3492 1620 3546 il
1650 3491 1719 3544 l'a
1747 3488 1843 3543 fait
1872 3504 1941 3542 en

80 3575 234 3626 vertu
268 3570 333 3627 de
359 3571 406 3627 la
435 3574 733 3649 delegation
761 3588 939 3656 meme
963 3585 1029 3642 de
1050 3586 1202 3644 Dieu.
