2340 3990
305 267 395 316 356
915 322 925 328 ,
979 263 1277 310 TRACTATUS
1308 263 1372 309 DE
1402 263 1551 310 PAPA.

303 374 522 432 siarum
548 354 671 446 q'uae
696 390 724 428 a
754 371 921 444 Papa,
950 375 1005 426 et
1033 387 1230 426 earum
1257 387 1382 445 quae
1408 388 1438 426 a
1465 370 1583 427 solo
1609 371 1847 428 concilio
1875 378 2220 436 oecumenico

305 473 498 530 dirimi
534 470 770 546 possint.
814 466 959 542 Ergo
988 462 1218 543 'quoties
1254 469 1396 544 Papa
1431 469 1578 526 circa
1607 469 1775 527 fidem
1809 474 2220 548 pronuntiaret,

305 571 506 628 merito
541 567 894 625 dubitaretur
927 586 997 624 an
1023 568 1235 624 decisio
1271 568 1664 625 auctoritatem
1692 568 1874 643 ipsius
1911 571 2219 644 excederet,

304 674 498 743 utpote
528 667 677 724 circa
711 668 1146 725 controversiam
1175 687 1298 743 quae
1327 669 1469 726 forte
1497 687 1527 725 a
1560 670 1679 725 solo
1713 669 1952 727 concilio
1981 688 2224 731 oecume-

304 767 431 824 nico
458 767 647 822 dirimi
676 772 877 841 potest.
906 767 1023 832 Quo
1051 771 1234 824 stante
1267 767 1461 837 dubio,
1493 768 1701 825 decisio
1726 770 1884 844 Papae
1915 769 2057 826 nihil
2090 771 2224 828 diri-

306 870 504 925 meret.
533 866 710 939 Igitur
739 867 823 924 vel
862 885 1039 923 omnes
1066 866 1197 923 fidei
1226 867 1641 924 controversias
1666 868 1808 942 Papa
1843 869 2110 926 dirimere
2133 888 2224 944 po·
2289 910 2294 912 ἡ
2327 897 2330 901 ’

303 972 414 1023 test
442 967 653 1042 absque
682 968 918 1025 concilio
950 967 1318 1039 oecumenicO,
1341 969 1426 1025 vel
1455 969 1650 1025 nullas,
1679 969 1900 1026 Falsum
1923 971 2220 1045 posterius,

305 1064 437 1140 quia
465 1070 603 1121 tunc
631 1083 746 1121 non
780 1057 928 1121 esset
958 1064 1213 1120 omniurn
1251 1064 1691 1122 christianorum
1730 1066 1941 1134 doctor;
1973 1084 2103 1141 ergo
2140 1085 2226 1125 vc-

306 1179 435 1218 rum
478 1163 655 1237 prius.
681 1163 1043 1219 —Praeterea
1082 1162 1332 1218 officium
1362 1162 1562 1219 fratres
1610 1164 1667 1218 in
1704 1164 1810 1220 fide
1854 1163 2225 1221 confirmandi

307 1262 595 1318 commisit
621 1261 874 1317 Christus
906 1261 1154 1316 Romano
1178 1260 1461 1330 Pontifici3
1495 1268 1687 1335 estque
1716 1262 1772 1318 id
1799 1264 2000 1336 dogma
2040 1264 2226 1320 catho-

304 1361 501 1417 licum.
545 1361 714 1415 Porro
759 1359 805 1414 si
833 1377 942 1432 qua
986 1359 1216 1414 daretur
1263 1359 1642 1415 controversia
1674 1361 1825 1430 fidei,
1873 1380 2044 1435 quam
2085 1362 2228 1436 Papa

306 1475 418 1513 non
448 1463 639 1531 posset
672 1455 794 1512 sine
828 1455 1063 1511 concilio
1095 1456 1444 1512 oecumenico
1479 1455 1769 1527 dirimere,
1799 1457 1981 1530 quoad
2011 1463 2227 1513 contro-

303 1558 547 1615 versiam
581 1558 748 1613 istam
788 1576 901 1614 non
934 1558 1003 1614 ab
1036 1557 1157 1631 ipso
1187 1559 1391 1615 fratres
1430 1558 1751 1614 confirmari
1785 1559 2086 1626 deberent,
2132 1559 2227 1617 sed

303 1657 424 1732 ipse
451 1676 480 1713 a
515 1658 805 1713 fratribus
843 1656 1132 1731 Siquidem
1167 1657 1289 1731 ipse
1325 1676 1436 1713 non
1463 1662 1671 1734 posset,
1701 1658 1883 1731 quoad
1911 1663 2225 1715 controver-

301 1775 419 1814 sam
455 1757 843 1831 quaestionem,
882 1774 1071 1812 veram
1105 1757 1271 1812 fidem
1302 1763 1455 1813 certo
1487 1774 1820 1830 cognoscere
1851 1756 1960 1812 nisi
1995 1774 2061 1813 ex
2079 1756 2226 1830 judi-

303 1855 389 1912 cio
425 1856 827 1930 Episcoporum
871 1855 929 1910 in
975 1855 1226 1929 generali
1268 1855 1508 1911 concilio
1545 1855 2009 1914 coadunatorum.
2049 1854 2228 1928 Igitur

302 1955 547 2013 officium
576 1957 778 2012 fratres
805 1955 1182 2012 confirmandi
1203 1973 1315 2011 non
1341 1954 1540 2011 suisset
1563 1955 1811 2011 Romano
1837 1954 2090 2011 Pontifici
2115 1954 2225 2032 col-

302 2057 479 2113 latum
518 2057 704 2130 quoad
742 2075 920 2112 omnes
962 2056 1090 2112 fidei
1132 2055 1558 2122 controversiaS,
1591 2056 1685 2111 sed
1722 2056 2009 2112 dumtaxat
2044 2055 2224 2128 quoad

302 2158 528 2230 aliquas.
561 2157 811 2230 Cumque
837 2156 1090 2213 Christus
1122 2174 1235 2211 non
1264 2154 1606 2224 distinxerit,
1646 2155 1742 2210 sed
1779 2156 1942 2210 istam
1973 2153 2224 2227 proposi-

301 2256 470 2313 tionis
516 2257 856 2314 universalis
895 2257 1134 2313 formam
1173 2256 1511 2326 adhibuerit,
1556 2257 1809 2327 confirma
1847 2257 2045 2327 fratres
2085 2260 2222 2324 tuos,

303 2363 636 2430 sequeretur
659 2355 913 2413 divinum
946 2357 1051 2411 hoc
1073 2356 1307 2412 effatum
1329 2355 1561 2411 veritate
1587 2372 1798 2410 carere.

375 2457 655 2513 Pnorosmo
687 2458 795 2513 ΠΡ.
814 2491 890 2498 -
920 2457 1233 2530 Continyere
1262 2459 1441 2530 nequit
1466 2463 1523 2511 ut
1554 2456 1705 2528 Papa
1730 2462 1908 2510 careat
1933 2455 2128 2510 lumine
2152 2453 2220 2509 ad

305 2555 659 2626 definiendam
677 2559 791 2611 sine
808 2558 1023 2612 concilio
1053 2559 1362 2612 oecztmenico
1385 2556 1618 2627 aliquam
1639 2552 1764 2627 fidei
1786 2555 2217 2622 controversiam,

298 2654 375 2709 ita
413 2661 471 2708 ut
510 2657 863 2709 necessarium
897 2658 966 2709 sit
1004 2656 1279 2710 concilium
1321 2656 1690 2709 oecicmenicum
1735 2660 1793 2707 ut
1835 2653 1974 2707 dicta
2017 2658 2221 2706 contro-

299 2754 472 2806 versia
500 2752 676 2806 dirimi
695 2755 887 2824 possit.
909 2751 1160 2818 —Nam,
1191 2769 1256 2806 ex
1284 2749 1614 2824 praecedenti
1637 2747 2041 2823 propositione,
2066 2746 2221 2819 Papae

301 2851 568 2926 competit
607 2856 850 2926 potestas
887 2851 1008 2907 sine
1046 2850 1285 2907 concilio
1314 2848 1660 2905 oecumenico
1698 2845 2005 2903 dirimendi
2048 2863 2223 2902 omnes

299 2950 432 3006 fidei
467 2950 892 3007 controversias.
931 2950 986 3006 Si
1028 2968 1231 3024 nempe
1274 2949 1525 3023 aliquam
1563 2947 1829 3003 dirimere
1864 2963 1977 3002 non
2016 2950 2217 3018 posset,

295 3049 414 3122 jam
446 3049 608 3121 plena
634 3068 745 3105 non
780 3050 941 3116 soret,
973 3055 1139 3124 prout
1171 3048 1422 3105 definivit
1450 3046 1766 3103 Florentina
1803 3045 2085 3120 synoduS,·
2101 3045 2220 3118 ejus

300 3152 547 3223 potestas
589 3147 911 3204 universam
953 3149 1261 3206 Ecclesiam
1308 3147 1596 3223 pascendi,
1644 3145 1875 3218 regendi
1916 3162 1980 3200 ac
2023 3143 2222 3216 guber-

301 3243 493 3301 nandi.
535 3245 674 3300 Item
703 3244 842 3300 falso
874 3245 983 3319 ipsi
1027 3245 1086 3301 in
1114 3263 1355 3320 persona
1382 3243 1533 3300 Beati
1565 3242 1709 3299 Petri
1747 3241 1962 3297 dictum
2001 3239 2219 3308 fuisset,

306 3345 559 3421 confirma
582 3344 777 3416 fratres
809 3350 1021 3409 tu03...;
1062 3344 1228 3399 Pasce
1253 3360 1436 3415 aynos,
1471 3359 1631 3415 pasce
1658 3359 1798 3397 oveS.
1845 3341 1967 3395 Jam
1999 3355 2129 3394 vero
2171 3335 2219 3392 si

299 3444 443 3518 Papa
484 3442 661 3518 possit
699 3460 875 3498 omnes
921 3441 1051 3498 fidei
1093 3442 1505 3499 controversias
1551 3441 1673 3498 sine
1707 3440 1946 3497 concilio
1983 3452 2221 3494 oecume-

304 3542 431 3598 nico
461 3541 754 3614 dirimere,
785 3535 1061 3616 repugnat
1088 3541 1467 3598 necessarium
1493 3558 1616 3597 esse
1646 3539 1951 3596 concilium
1979 3551 2220 3592 oecume-

301 3640 493 3696 nicum
528 3640 595 3695 ad
624 3638 870 3713 aliquam
899 3638 1022 3695 fidei
1052 3639 1491 3696 controversiam
1521 3637 1916 3695 dirimendam.
