2340 3990
658 310 813 358 INDEX
842 311 998 358 luxu
1028 311 1360 360 MATERIARUM
1389 311 1637 360 onmNffl.
1699 320 1708 325 “
2001 319 2092 367 445

417 423 625 472 quatenus
647 418 956 461 successoribus
977 418 1123 472 populi
1150 418 1322 461 Romani
1344 423 1387 460 et
1407 418 1728 473 imperatorum,
1761 422 1838 476 qui
1863 424 1964 466 olim

419 474 518 530 suas
543 492 682 540 partes
707 486 945 530 habuerunt
970 488 1015 529 iu
1031 488 1226 540 eligendo
1249 490 1433 530 Romano
1454 488 1653 532 Pontifice
1658 521 1958 539 .......
2018 493 2098 538 343

367 557 607 610 Prop.111·.
635 578 688 587 —-
707 556 923 598 Exclusiva
947 569 1001 598 ne
1027 555 1302 609 privilegium
1322 555 1494 608 quidem
1518 561 1583 597 est
1609 556 1732 599 dictis
1747 557 1967 610 guberniis

415 635 439 664 a
466 623 566 664 sede
588 623 816 675 Apostolica
840 635 1031 675 expresse
1060 636 1300 666 concessum
1311 653 1960 672 .............
2019 628 2099 670 545

363 691 491 744 Prop.
523 690 607 732 11¹⁸.
632 713 684 721 —
699 690 983 732 Cardinalium
1008 691 1232 743 collegium
1253 702 1338 732 non
1361 702 1449 732 sose
1466 690 1694 743 obligatum
1718 692 1969 736 existimavit

415 757 468 798 ad
490 758 770 799 deserendum
786 758 990 811 ejusmodi
1009 759 1319 801 exclusionibus
1330 771 1405 811 per
1419 759 1591 812 praesata
1608 759 1812 812 gubernia
1829 766 1969 803 trans-

419 824 561 865 missis
569 853 949 870 ........
992 840 1003 868 2
1045 857 1376 872 .......
1385 850 1390 855 -
1419 857 1963 874 ...........
2021 829 2102 871 544

363 892 486 942 Prop.
524 891 581 932 V2.
607 913 661 920 —
686 891 896 932 Exclusiva
923 904 1008 933 non
1032 892 1182 934 nititur
1200 894 1282 934 nisi
1304 893 1434 934 meris
1454 894 1573 935 sactis
1600 906 1649 935 ex
1672 900 1790 946 parte
1805 896 1967 947 guber-

416 958 603 1008 morum,
630 964 672 999 et
689 970 804 1000 mera
828 960 1046 1001 tolerantia
1074 972 1123 1000 ex
1143 966 1262 1012 parte
1286 959 1549 1001 auctoritatis
1579 960 1906 1003 ecclesiasticae..
1948 995 1959 1004 .
2020 961 2102 1003 544

362 1026 489 1078 Prop.
527 1026 605 1066 ΥΡ.
631 1048 679 1056 -
702 1026 821 1067 Ratio
848 1026 1072 1068 tolerandae
1100 1026 1322 1068 exclusivae
1346 1026 1561 1068 hodiernis
1590 1028 1848 1080 temporibus
1871 1040 1967 1070 om-

416 1092 516 1132 nino
542 1092 716 1133 desiisse
741 1093 906 1134 videtur
915 1124 1957 1141 .....................
2018 1097 2098 1138 544

923 1316 1150 1384 PARS
1211 1317 1378 1383 VIII

713 1485 796 1519 DE
827 1483 1137 1518 conen-10
1168 1482 1582 1518 OECUUERICO.

259 1621 346 1660 Cin.
379 1618 411 1658 l.
440 1641 489 1647 —
509 1618 564 1657 De
583 1615 756 1656 Concilii
779 1613 1028 1655 oecumenici
1049 1619 1197 1654 natura
1220 1625 1294 1654 seu
1318 1620 1431 1655 recta
1456 1615 1622 1656 notione
1630 1646 1956 1663 ,,,,,,,
2019 1622 2095 1662 545

300 1690 324 1742 g
350 1690 391 1728 1.
415 1710 469 1718 -
490 1688 546 1728 De
566 1686 731 1727 concilii
756 1684 1004 1726 oecumenici
1022 1683 1260 1724 definitione
1272 1713 1953 1732 ..............
2019 1690 2099 1730 554

301 1756 325 1807 5
351 1754 389 1794 2.
409 1777 461 1783 -
484 1754 542 1793 An
577 1751 749 1793 concilia
781 1750 1037 1791 oecumenica
1065 1750 1149 1789 sint
1173 1749 1451 1790 institutionis
1476 1751 1631 1791 divinae
1660 1753 1722 1792 vel
1748 1753 1966 1795 ecclesias-

354 1812 1212 1862 ticae...............'
1255 1849 1953 1862 ..............
2015 1822 2091 1862 551

300 1891 324 1941 g
350 1889 390 1929 3.
413 1911 464 1918 —
490 1890 548 1927 An
571 1887 743 1928 concilia
761 1884 1014 1926 oecumenica
1035 1884 1120 1924 sint
1142 1884 1376 1925 necessaria
1404 1886 1465 1924 vel
1490 1890 1653 1925 tantum
1675 1886 1817 1932 utilia.
1845 1923 1851 1929 .
1895 1922 1904 1931 .
1952 1924 1960 1932 .
2020 1889 2100 1930 554

352 1960 477 2012 Prop.
507 1959 558 1998 [².
579 1955 814 2001 —Quando
838 1965 903 1994 res
916 1953 1058 2004 aliqua
1079 1951 1319 1992 necessaria
1338 1952 1507 1999 dicitur,
1538 1954 1619 1995 nisi
1637 1954 1765 1996 simul
1783 1956 1960 2006 dicatur,

406 2031 478 2066 aut
507 2037 555 2065 ex
576 2022 787 2074 adjunctis
816 2020 995 2072 intelligi
1019 2019 1164 2072 possit,
1195 2021 1252 2059 ad
1281 2020 1383 2073 quid
1407 2033 1475 2061 res
1499 2021 1576 2062 ista
1606 2023 1841 2064 necessaria
1867 2037 1968 2076 pro·
2016 2028 2027 2032 '

407 2092 643 2139 nuntietur,
668 2089 819 2130 locutio
847 2100 1017 2129 sensum
1042 2099 1124 2127 non
1154 2087 1279 2127 habet
1288 2119 1959 2135 ..............
2021 2094 2100 2135 554

357 2163 481 2213 Prop.
512 2160 583 2199 11⁸.
607 2179 660 2186 —-
679 2157 817 2197 Potest
841 2156 950 2207 Papa
975 2155 1066 2194 sine
1087 2154 1265 2195 concilio
1287 2155 1543 2195 oecumenico
1568 2168 1714 2198 omnes
1738 2158 1835 2199 fidei
1863 2171 1968 2201 con-

407 2226 632 2268 troversias
657 2224 857 2264 dirimere
882 2235 979 2264 cum
996 2222 1246 2263 auctoritate
1267 2223 1404 2274 plena,
1430 2235 1505 2264 seu
1528 2235 1608 2275 qua
1626 2225 1763 2276 major
1783 2238 1873 2267 esse
1889 2239 1966 2268 ne-

494 2298 585 2333 at..
634 2323 639 2332 =
683 2317 1959 2336 .........................
2021 2295 2097 2335 555

356 2305 490 2412 Ρνῖἲνῗ
506 2360 599 2401 ΙΙΙ·.
625 2379 676 2386 —
702 2355 949 2406 Contingere
971 2353 1118 2405 nequit
1134 2358 1182 2393 ut
1203 2353 1309 2403 Papa
1335 2359 1476 2394 careat
1501 2355 1662 2397 lumine
1687 2358 1738 2398 ad
1761 2359 1966 2400 definien-

410 2428 507 2468 dam
531 2427 620 2468 sine
647 2424 822 2467 concilio
847 2421 1108 2462 oecumenico
1134 2420 1319 2472 aliquam
1342 2421 1439 2462 fidei
1470 2425 1816 2474 controversiam,
1841 2427 1896 2467 ita
1923 2434 1969 2468 ut

411 2493 698 2536 necessarium
721 2490 775 2531 sit
796 2488 1019 2530 concilium
1043 2492 1091 2529 ut
1108 2487 1217 2528 dicta
1233 2489 1515 2529 controversia
1540 2490 1687 2531 dirimi
1710 2493 1856 2543 possit.
1898 2527 1908 2536 .
1949 2522 1961 2534 .
2023 2496 2100 2536 556

360 2566 481 2614 Prop.
506 2563 594 2603 ΙΨ.
618 2584 670 2590 -
688 2558 920 2600 Concilium
948 2557 1255 2597 oecumenicum
1280 2569 1364 2597 non
1393 2563 1455 2596 est
1477 2560 1757 2600 necessarium
1788 2563 1839 2602 ad
1860 2563 1970 2603 diri-

410 2630 577 2670 mendas
602 2627 764 2678 aliquas
786 2625 884 2665 fidei
908 2624 1224 2671 controversias,
1244 2635 1346 2675 quas
1371 2624 1477 2676 Papa
1503 2637 1586 2665 non
1610 2628 1741 2677 possit
1764 2629 1854 2669 sine
1876 2641 1971 2670 con-

410 2696 507 2737 cilio
535 2692 806 2738 oecumenico‚
827 2702 922 2731 cum
947 2691 1070 2742 plena
1091 2689 1339 2730 auctoritate
1363 2691 1567 2733 dirimere
1581 2726 1962 2740 ........
2023 2697 2099 2738 557

358 2765 486 2815 Prop.
510 2763 568 2802 V2.
586 2783 639 2790 —
655 2759 887 2800 Concilium
907 2757 1211 2797 oecumenicum
1229 2768 1311 2796 non
1341 2763 1406 2797 est
1426 2761 1708 2800 necessarium
1736 2767 1782 2800 ut
1801 2774 1969 2803 errores

411 2837 451 2870 et
485 2831 664 2869 liaereses
691 2829 944 2867 damnentur
979 2837 1075 2865 cum
1107 2824 1232 2874 plena
1269 2834 1345 2862 seu
1374 2837 1455 2875 qua
1482 2826 1619 2878 major
1644 2839 1733 2868 esse
1771 2835 1964 2882 nequeat,

414 2896 663 2938 auctoritate
674 2928 683 2938 .
736 2919 1960 2940 .......................
2020 2899 2098 2939 008

360 2967 488 3018 Prop.
515 2963 593 3004 Vb.
616 2984 667 2991 —-
682 2960 912 3002 Concilium
930 2957 1236 2999 oecumenicum
1263 2970 1344 2998 non
1369 2965 1430 2999 est
1453 2962 1739 3002 necessarium
1758 2969 1805 3003 ut
1833 2964 1964 3004 schis-

408 3037 519 3073 mata
551 3029 720 3081 proprie
742 3027 848 3066 dicta
880 3025 1134 3065 damnentur
1161 3025 1409 3066 auctoritate
1442 3027 1583 3077 plena,
1616 3040 1690 3068 seu
1714 3041 1798 3080 qua
1827 3031 1964 3081 major

410 3110 500 3140 esse
519 3099 696 3148 nequeat
701 3121 1954 3143 .........................
2017 3098 2095 3138 558

358 3169 484 3217 Prop.
515 3163 616 3204 V112.
641 3184 689 3189 —
705 3159 933 3200 Concilium
959 3158 1268 3199 oecumenicum
1293 3171 1376 3200 non
1395 3166 1458 3201 est
1482 3163 1771 3203 necessarium
1797 3170 1842 3204 ut
1868 3166 1968 3205 abu-

407 3245 478 3273 sus
494 3235 536 3271 et
551 3229 651 3269 vitia
667 3227 983 3280 proscribantur
1001 3225 1249 3266 auctoritate
1272 3227 1391 3278 plena
1403 3259 1412 3277 ‚
1434 3240 1506 3269 seu
1526 3242 1607 3281 qua
1634 3232 1770 3282 major
1786 3243 1875 3271 esse
1892 3243 1967 3272 ne-

441 3303 536 3341 ueat
543 3322 1958 3342 ...........................
2019 3298 2097 3339 559

357 3312 483 3422 Ρνὲρ.
515 3366 636 3406 V111·.
665 3386 718 3394 —
740 3362 920 3403 Concilia
951 3362 1205 3401 oecumenica
1242 3373 1322 3402 non
1348 3367 1448 3403 sunt
1476 3364 1709 3403 necessaria
1737 3364 1789 3404 ad
1814 3365 1891 3404 hoc
1917 3369 1966 3404 ut

411 3432 590 3476 Ecclesia
614 3430 827 3476 subsistat,
849 3440 926 3469 seu
951 3439 1035 3467 non
1057 3433 1201 3480 pereat
1211 3457 1955 3477 ...............
2021 3431 2100 3473 559

359 3506 484 3556 Prop.
509 3502 598 3542 IX2.
614 3523 669 3531 —
687 3496 973 3538 Necessarium
995 3506 1080 3534 non
1098 3501 1161 3535 est
1180 3496 1403 3537 concilium
1422 3497 1733 3538 oecumenicum
1752 3499 1802 3538 ad
1822 3498 1899 3539 hoc
1918 3503 1965 3539 ut

408 3582 491 3611 non
520 3569 697 3610 violetur
713 3567 972 3618 praeceptum
989 3560 1145 3601 Christi
1171 3562 1444 3604 conciliorum
1469 3563 1829 3604 oecumenicorum
1854 3563 1966 3604 cele-

393 3638 642 3680 ·brationem
669 3629 935 3686 injungentis
945 3659 1959 3675 ....................
2020 3631 2100 3672 560
