2340 4062
870 318 996 366 PARS
1023 314 1244 371 QUARTA.
1907 317 1993 365 103

210 450 237 483 α
259 426 549 486 Credentes
584 444 732 492 vero,
766 428 1027 500 praeterea
1062 426 1389 493 receptoreS‚
1437 418 1752 475 defensores
1789 426 1842 476 et
1879 421 1998 478 fau-

134 549 163 583 «
192 532 338 585 tores
379 525 782 594 haereticorum,
825 516 1383 579 excommunicationi
1423 517 1772 575 decernimus
1813 519 1997 593 subja-

131 648 160 678 «
193 643 340 681 cere:
363 624 595 681 firmiter
620 626 919 680 statuentes
942 622 1004 674 ut
1029 622 1323 690 postquam
1349 615 1475 690 quis
1498 615 1693 672 talium
1715 616 1885 674 fuerit
1908 635 1999 680 exe

135 744 163 775 «
197 719 689 778 communicatione
715 720 959 785 notatuS,
993 714 1042 770 si
1080 713 1393 771 satisfacere
1432 716 1821 788 contempserit
1851 714 1997 772 infra

136 842 163 872 «
193 836 420 889 annum,
452 835 516 873 ex
540 821 669 871 tunc
698 813 816 888 ipso
835 813 960 886 jure
990 811 1062 867 sit
1087 811 1259 866 factus
1283 811 1529 882 infamis,
1557 831 1656 868 nec
1682 813 1750 868 ad
1774 812 1996 888 publica

134 937 163 967 «
195 914 368 972 officia
391 932 486 970 seu
512 911 759 975 consilia,
794 926 895 966 nec
921 907 988 964 ad
1015 906 1296 980 eligendos
1322 907 1536 981 aliquos
1560 910 1627 964 ad
1651 910 1994 983 hujusmodi,

134 1033 162 1064 «
197 1029 295 1068 nec
336 1010 400 1066 ad
446 1007 825 1064 testimonium
856 1004 1196 1061 admittatur.
1237 1002 1316 1057 Sit
1343 1003 1509 1058 etiam
1551 1004 1904 1077 intestabilis,
1935 1012 1999 1063 ut

134 1128 164 1160 «
194 1126 292 1163 nec
324 1105 555 1162 testandi
588 1105 823 1160 liberam
845 1101 1041 1158 habeat
1070 1099 1413 1170 facultatem,
1440 1118 1542 1156 nec
1569 1102 1636 1156 ad
1663 1103 1998 1160 haereditatis

130 1223 162 1256 α
190 1202 583 1259 successionem
627 1199 912 1256 accedat...
946 1196 1100 1260 Quod
1131 1196 1177 1252 si
1213 1197 1354 1252 forte
1386 1196 1556 1269 judex
1582 1198 1846 1268 extiterit,
1875 1201 1995 1272 ejus

131 1318 159 1352 α
187 1298 451 1354 sententia
478 1297 686 1353 nullam
713 1297 953 1352 obtineat
975 1294 1318 1364 firmitatem,
1346 1312 1447 1350 nec
1487 1312 1666 1351 causae
1703 1297 1902 1370 aliquae
1927 1297 1995 1353 ad

134 1417 161 1448 «
188 1395 306 1468 ejus
348 1394 683 1451 audientiam
709 1394 1080 1468 perferantur.
1115 1391 1170 1446 Si
1200 1391 1367 1447 fuerit
1391 1392 1701 1461 advocatus,
1749 1397 1867 1466 ejus
1897 1412 1992 1469 pa·

132 1514 160 1546 α
189 1492 483 1548 trocinium
528 1492 843 1548 nullatenus
883 1490 1225 1547 admittatur.
1258 1489 1313 1544 Si
1344 1490 1591 1555 tabellio,
1620 1491 1738 1562 ejus
1782 1491 1992 1547 instru-

131 1611 161 1642 «
193 1595 368 1646 menta
393 1590 634 1646 confecta
653 1606 750 1662 per
778 1589 959 1662 ipsum
985 1588 1192 1644 nullius
1210 1587 1430 1662 penitus
1451 1587 1561 1643 sint
1585 1588 1875 1659 momenti,
1901 1589 1995 1644 sed

134 1706 164 1736 «
196 1704 319 1741 cum
363 1688 589 1742 authore
635 1686 892 1741 damnato
934 1686 1282 1742 damnentur.
1312 1686 1375 1740 Et
1421 1686 1478 1740 in
1520 1686 1797 1742 similibus
1847 1686 1993 1742 idem

135 1801 165 1831 «
198 1781 542 1854 praecipimus
567 1780 858 1836 observari.
883 1803 909 1833 »

207 1877 282 1931 lbi
319 1877 658 1950 apertissime
686 1895 716 1931 a
742 1877 973 1933 concilio
1013 1878 1381 1933 decernuntur
1413 1882 1728 1952 sequentia:
1777 1881 1831 1936 1⁰
1860 1881 1994 1937 Con-

132 1972 312 2027 fiscari
347 1973 501 2044 jubet
526 1974 667 2027 hona
693 1972 983 2040 laicorum,
1015 1972 1062 2027 si
1091 1973 1382 2045 probatum
1422 1974 1589 2028 fuerit
1614 1994 1703 2030 eos
1735 1993 1858 2031 esse
1886 1978 1995 2032 hae-

129 2067 341 2121 reticos,
381 2068 433 2121 2⁰
465 2068 722 2142 Princeps
768 2070 862 2141 qui
908 2070 1158 2125 haeresim
1197 2088 1226 2124 e
1259 2071 1376 2126 suis
1413 2072 1577 2126 terris
1623 2072 1860 2127 evellere
1898 2091 1995 2129 ne-

124 2161 312 2235 gligit,
363 2162 518 2218 debet
563 2164 806 2236 primum
870 2182 900 2219 a
964 2157 1382 2239 metropolitano
1438 2175 1490 2223 et
1533 2168 1653 2223 aliis
1702 2170 1995 2242 provinciae

123 2257 402 2332 Episcopis
446 2260 940 2326 excommunicari3
980 2267 1032 2316 et
1064 2268 1272 2334 postea,
1304 2263 1413 2318 nisi
1440 2264 1743 2337 resipiscat,
1784 2267 1995 2323 denun-

123 2353 244 2409 tiari
278 2354 513 2410 Romano
547 2355 812 2421 Pontifici;
855 2362 917 2412 ut
954 2375 1151 2430 nempe
1185 2359 1324 2432 Papa
1368 2360 1535 2433 hujus
1575 2362 1840 2436 Principis
1883 2383 1997 2420 vas-

119 2451 279 2505 sallos
322 2453 381 2506 ab
421 2453 527 2523 ejus
568 2454 813 2523 fidelitate
858 2456 1121 2510 denuntiet
1161 2457 1440 2513 absolutos.
1484 2459 1540 2514 5Ο
1578 2461 1713 2516 Item
1753 2462 1998 2518 Romano

124 2546 362 2603 Pontifici
395 2550 755 2606 committitur
783 2557 845 2607 ut
870 2552 995 2608 talis
1027 2554 1293 2627 Principis
1331 2563 1523 2612 terram
1556 2568 1782 2630 eaepcmat
1825 2563 1997 2617 catho-

125 2644 232 2699 licis
262 2648 620 2717 occupandam.
647 2649 701 2703 40
737 2649 791 2705 Si
814 2650 1072 2725 Princeps
1099 2654 1258 2726 cujus
1290 2659 1451 2710 terrae
1481 2656 1559 2711 sic
1585 2658 1882 2714 traduntur
1906 2678 1993 2715 ca-

125 2739 341 2795 tholicis
370 2744 715 2816 occupandae,
754 2746 950 2803 habeat
989 2766 1153 2821 supra
1192 2767 1250 2805 se
1278 2749 1568 2808 dominum
1608 2755 1990 2828 principalem,

123 2835 333 2891 salvum
365 2839 481 2895 fore
506 2839 599 2912 jus
624 2841 786 2899 istius
817 2844 1031 2901 Domini
1060 2847 1384 2922 Principalis
1425 2850 1675 2906 decernit
1719 2854 1986 2926 synoduS,

121 2930 412 2991 dummodo
450 2920 566 3010 ipse
591 2957 699 2995 non
725 2941 899 2998 obstet
924 2943 1190 3001 haereseos
1218 2946 1592 3020 extirpationi.
1638 2948 1693 3002 5⁰
1722 2949 1991 3005 Statuitur

121 3027 295 3084 eidem
324 3030 431 3105 legi
457 3034 728 3107 subjectos
763 3038 875 3094 sore
899 3039 1176 3115 Principes
1214 3041 1380 3097 etiam
1426 3043 1483 3097 in
1521 3062 1618 3099 sua
1649 3044 1856 3100 ditione
1899 3064 1989 3101 su-

124 3141 339 3196 premos
363 3135 415 3185 et
454 3129 902 3206 independenteS.
948 3137 1004 3192 6⁰
1043 3139 1112 3194 De
1151 3138 1460 3196 fautoribus
1497 3141 1905 3213 haereticorum,
1943 3142 1986 3198 si

126 3228 243 3289 post
283 3230 901 3289 excommunicationem
955 3253 1067 3291 non
1120 3237 1470 3311 resipiscant,
1529 3238 1847 3295 decernitur
1897 3257 1987 3296 eos

126 3311 241 3386 ipso
272 3317 405 3377 sacto
447 3323 561 3380 fore
596 3324 868 3384 inhabiles
906 3331 973 3386 ad
1012 3332 1271 3404 quaelibet
1307 3334 1489 3390 officia
1542 3336 1784 3408 publica,
1827 3341 1880 3391 et
1920 3334 1986 3388 ad

126 3414 309 3467 votum
349 3415 584 3476 dandum
623 3422 680 3478 in
722 3424 1103 3495 electionibuS,
1146 3435 1200 3485 et
1235 3429 1304 3484 ad
1343 3430 1658 3486 faciendum
1696 3438 1985 3486 testamen-

125 3510 262 3573 tum',
299 3515 351 3565 et
382 3512 447 3567 ad
482 3519 847 3594 recipiendam
882 3525 1277 3583 haereditatem.
1312 3527 1464 3591 Quod
1502 3529 1547 3584 si
1583 3530 1752 3600 judex
1793 3525 1980 3591 fuerit,

124 3607 403 3663 sententia}
432 3609 606 3684 ipsius
634 3626 795 3676 erunt
820 3622 987 3678 nullae
1011 3641 1073 3679 ac
1108 3623 1295 3690 irritae3
1328 3624 1374 3679 si
1403 3624 1721 3691 advocatus,
1749 3623 1870 3695 ejus
1894 3640 1985 3697 pa-
