2340 3990
859 289 987 336 PARS
1017 287 1235 334 OCTAVA.
1903 290 1989 336 451

109 401 243 464 certi
260 405 441 458 essent
464 415 653 454 omnes
678 394 895 452 articuli
915 393 1043 450 fidei
1066 410 1161 467 per
1180 392 1455 448 Romanos
1473 391 1758 449 Pontifices
1779 398 1875 450 aut
1898 411 1992 468 ge-

107 496 317 554 neralia
359 493 590 550 concilia
627 491 859 561 definiti,
895 508 958 546 ac
992 489 1049 545 in
1094 494 1376 563 posterum
1411 485 1728 543 definiendi.
1765 487 1993 562 Semper

106 593 252 650 enim
289 589 397 646 dici
438 593 641 662 posset,
681 588 954 643 omissum
991 587 1178 642 forsan
1209 584 1444 657 diligens
1484 601 1737 654 examen,
1782 601 1885 640 nec
1922 584 1991 641 de

107 690 208 744 hoc
248 692 397 743 certo
445 690 698 741 constare
744 689 946 757 posset.
996 704 1023 735 «
1051 682 1213 752 DeuS‚
1262 680 1447 754 inquit
1489 680 1746 737 Melchior
1787 680 1988 750 CanuS,

106 785 344 843 suaviter
364 782 608 856 disponit
632 781 836 846 omnia,
867 779 1148 852 simulque
1174 778 1440 853 prospicit
1464 782 1515 833 et
1537 778 1708 835 finem
1734 782 1788 834 et
1812 778 1991 835 media

105 883 170 939 ad
198 882 364 937 finem
400 879 726 936 necessaria.
762 878 817 934 Si
855 878 1003 934 enirn
1047 877 1393 951 promitteret
1431 876 1693 949 cuiquam
1727 881 1990 934 aeternam

103 979 292 1048 vitam,
321 996 447 1033 mox
479 977 746 1032 conferret
780 975 945 1031 etiam
988 974 1070 1030 illi
1112 975 1384 1030 bonarum
1416 973 1647 1047 gratiam
1680 975 1987 1042 actionum,

102 1076 305 1150 quibus
329 1093 447 1131 eam
475 1074 642 1129 vitam
673 1078 1173 1146 consequeretur...
1197 1071 1283 1127 Sic
1310 1071 1555 1144 omnin0‚
1585 1089 1709 1128 cum
1733 1071 1989 1129 Ecclesiae

103 1172 228 1228 fidei
259 1171 571 1225 firmitatem
594 1168 759 1224 suerit
791 1167 1094 1240 pollicitus,
1129 1166 1318 1221 deesse
1344 1183 1457 1220 non
1478 1170 1658 1238 potest
1683 1166 1987 1238 quominus

104 1270 306 1324 tribuat
319 1267 572 1323 Ecclesiae
586 1281 771 1338 preces
788 1268 1091 1335 caeteraque
1106 1261 1384 1336 praesidia,
1399 1262 1600 1335 quibus
1616 1263 1731 1317 haec
1749 1263 1984 1320 firmitas

102 1370 523 1421 conservatur...
557 1361 742 1433 Itaque
766 1364 986 1433 praestat
1011 1375 1228 1431 semper
1251 1358 1493 1414 Pontifex
1520 1359 1667 1430 quod
1702 1358 1759 1412 in
1797 1376 1856 1414 se
1880 1364 1981 1430 est,

103 1467 429 1536 praestatque
455 1458 773 1527 concilium,
807 1476 934 1512 cum
959 1456 1025 1513 dc
1051 1456 1158 1512 fide
1183 1455 1614 1529 pronuntiant...
1645 1456 1718 1511 Ac
1739 1455 1785 1511 si
1810 1457 1984 1514 semel

100 1558 371 1614 haereticis
408 1559 549 1611 hanc
576 1555 855 1611 licentiam
882 1554 1274 1628 permittimus,
1309 1558 1370 1607 ut
1402 1552 1460 1607 in
1496 1552 1858 1626 quaestionem
1886 1573 1979 1611 vo.-

91 1660 235 1725 cent,
277 1672 411 1709 num
450 1653 703 1708 Ecclesiae
734 1651 948 1724 judices
977 1669 1097 1707 eam
1135 1650 1476 1723 diligentiam
1503 1655 1556 1706 et
1589 1667 1780 1706 curam
1821 1652 1974 1707 exhi-

87 1751 332 1817 buerint,
377 1768 500 1823 quae
538 1768 676 1824 opus
718 1755 833 1804 erat
882 1755 942 1803 ut
994 1749 1223 1821 quaestio
1278 1748 1553 1815 finiretur,
1605 1749 1797 1821 ecquis
1837 1749 1973 1805 adeo

86 1867 260 1907 caecus
287 1858 388 1917 est,
418 1849 513 1922 qui
538 1865 652 1902 uon*
667 1846 844 1902 videat
871 1845 1055 1901 omnia
1079 1864 1204 1902 mox
1226 1845 1553 1901 Pontificum
1584 1845 1973 1902 conciliorum-

85 1963 191 2018 que
220 1945 428 2017 judicia
453 1943 894 1999 labefactari?....
927 1944 1030 1998 Fac
1060 1943 1210 1998 enim
1237 1942 1525 2015 quidpiam
1549 1961 1612 1998 ex
1643 1942 1971 2001 necessariis

83 2042 346 2098 omissum
377 2059 516 2097 esse.
547 2041 679 2095 Tum
709 2059 862 2114 rog0,
890 2058 961 2095 an
988 2040 1173 2096 fideles
1194 2040 1279 2096 his
1307 2040 1487 2113 quide
1512 2039 1638 2095 fidei
1666 2041 1969 2113 quaestione

78 2139 419 2213 judicarunt,
449 2138 717 2212 tantisper
747 2156 941 2212 parere
983 2138 1235 2203 debcant,
1271 2138 1404 2194 dum
1440 2138 1663 2194 illorum
1690 2139 1972 2211 negligen-

82 2235 155 2292 tia
187 2236 490 2291 innotescat
526 2234 801 2290 Ecclesia-2.
837 2235 1029 2290 Parere
1055 2233 1273 2299 debent,
1316 2233 1490 2289 aiunt.
1532 2234 1650 2289 Jam
1694 2234 1865 2307 igitur
1906 2254 1969 2292 eo

80 2335 328 2403 tempore
349 2331 664 2386 errantibus
689 2331 972 2403 judicibus
1001 2331 1210 2386 errabit
1231 2331 1542 2387 Ecclesia...
1572 2331 1710 2393 Quid
1745 2333 1891 2405 quod
1920 2333 1969 2389 si

78 2429 247 2485 semel
277 2429 343 2483 de
377 2427 659 2500 diligentia
680 2428 933 2500 judicum
963 2427 1305 2494 dubitamUS,
1337 2446 1541 2484 novum
1569 2446 1801 2486 examen
1822 2431 1970 2503 judi-

77 2524 339 2597 ciumque
366 2542 583 2598 semper
615 2542 806 2581 recens
846 2526 1237 2598 postulabitur,
1282 2531 1343 2580 ut
1384 2527 1452 2581 de
1486 2525 1773 2598 diligentia
1811 2529 1968 2583 adhi-

75 2621 187 2679 bita
230 2623 315 2678 vel
350 2639 460 2676 non
492 2622 731 2677 adhibita
763 2628 1072 2678 censeatur.
1111 2622 1483 2678 Concedamus
1517 2641 1647 2695 ergo
1683 2624 1964 2696 judicibus

74 2735 104 2772 a
128 2718 232 2773 Deo
262 2717 321 2771 in
357 2717 592 2774 Ecclesia
619 2717 934 2774 constitutis
967 2719 1111 2774 nihil
1151 2737 1346 2774 eorum
1387 2720 1579 2775 deesse
1620 2739 1803 2793 posse,
1841 2740 1964 2794 quae

72 2816 140 2870 ad
183 2821 394 2871 rectum
442 2832 744 2887 verumque
782 2817 1058 2886 judicium
1105 2821 1237 2871 sunt
1272 2816 1650 2872 necessaria»
1706 2819 1790 2889 (de
1836 2819 1962 2875 locis

78 2911 275 2976 Theol.,
322 2912 360 2966 l.
397 2911 456 2983 V,
499 2929 548 2966 c.
587 2931 634 2976 ν,
671 2930 728 2984 p.
770 2911 878 2966 218
917 2917 970 2968 et
1011 2930 1154 2985 seq.,
1190 2913 1319 2968 edit.
1364 2914 1611 2984 Parisiis,
1659 2915 1850 2989 1704).
1880 2917 1961 2973 Ad

71 3022 188 3062 rem
227 3007 392 3062 etiam
433 3007 639 3062 faciunt
677 3009 789 3063 liaec
820 3008 1139 3064 Bellarmini
1173 3010 1337 3064 verba
1374 3030 1384 3061 :
1434 3011 1719 3075 «Quidam
1761 3030 1958 3069 eorum

71 3102 260 3159 dicunt
282 3104 594 3160 Pontificem
623 3122 734 3159 non
768 3122 922 3178 posse
954 3122 1139 3160 errare
1170 3108 1216 3160 si
1247 3114 1451 3163 manare
1479 3110 1733 3181 procedat
1760 3117 1810 3165 et
1836 3129 1958 3167 con·

68 3198 241 3254 silium
279 3201 460 3254 audiat
495 3201 716 3256 aliorum
739 3209 1030 3272 pastorum.
1057 3223 1084 3254 »
1114 3202 1174 3257 Et
1201 3203 1363 3276 paulo
1398 3209 1521 3278 post
1550 3204 1615 3261 de
1650 3205 1774 3261 istis
1802 3207 1957 3260 tbco·

69 3291 205 3364 logis
230 3295 310 3350 sic
333 3296 691 3368 prosequitur
717 3319 726 3351 :
770 3299 933 3354 «Non
959 3299 1157 3355 volunt
1180 3318 1384 3374 ponere
1411 3301 1866 3357 infallibilitatem
1896 3302 1955 3356 in

67 3390 415 3459 consiliariiS,
435 3392 530 3448 sed
554 3393 610 3447 in
636 3395 752 3450 solo
774 3395 1050 3453 Pontifice.
1071 3397 1271 3453 Verum
1295 3397 1573 3470 explicare
1596 3397 1795 3452 volunt
1818 3398 1956 3452 Pon-

70 3483 269 3543 tificem
295 3489 496 3546 debere
521 3489 701 3546 facere
726 3493 873 3564 quod
909 3492 964 3548 in
997 3511 1054 3549 se
1083 3498 1184 3564 est,
1221 3495 1558 3551 consulendo
1584 3495 1730 3551 viros
1764 3496 1952 3552 doctos

66 3585 120 3637 et
152 3585 353 3656 peritos
393 3587 474 3643 rei
509 3586 574 3643 de
598 3605 704 3660 qua
739 3589 938 3662 agitur.
973 3589 1026 3645 Si
1057 3590 1182 3663 quis
1216 3597 1404 3648 autem
1439 3596 1669 3666 peteret,
1707 3609 1777 3647 an
1815 3592 1951 3647 Pon-
