2340 4062
791 281 796 286 ’
876 306 1002 352 ms
1032 305 1252 358 QUARTA.
1953 303 2017 350 57

137 438 166 470 «
195 418 377 471 autres
394 414 620 488 peuples
634 410 969 484 catholiques
983 415 1174 467 tenant
1190 413 1329 466 cette
1351 407 1622 479 doctrine,
1642 426 1785 465 nous
1805 426 1875 476 ne
1891 428 2023 484 pou-

136 537 164 568 α
196 530 331 570 vons
364 513 418 567 la
456 511 708 567 declarer
733 525 873 583 pour
887 508 1162 564 contraire
1194 508 1226 563 3
1267 507 1321 562 13
1353 506 1544 581 parole
1565 506 1632 562 de
1647 505 1784 562 Dieu
1812 510 1868 562 et
1881 524 2024 580 pour

138 631 167 663 «
196 608 365 683 impie
399 612 454 664 et
477 605 790 675 detestable‚
824 621 932 676 que
964 621 1108 660 nous
1138 621 1209 660 ne
1245 603 1578 660 renoncions
1617 604 1646 658 a
1684 603 1740 658 13
1776 619 2026 659 3011111111-

139 728 168 761 «
205 707 337 763 nion
362 706 438 763 du
458 703 586 761 chef
602 708 656 759 et
679 702 777 759 des
803 706 992 757 autres
1018 701 1223 775 parties
1251 703 1314 757 de
1343 692 1592 775 l'Eglise,
1627 706 1682 757 et
1715 701 1785 757 ne
1809 701 2024 758 confes-

137 827 166 859 «
193 805 341 860 sions
366 819 471 877 que
501 789 722 874 l’Eglise
751 817 782 854 3
817 801 904 855 ete
936 798 1131 871 depuis
1157 803 1276 854 tant
1310 800 1377 855 de
1402 800 1621 861 siecles‚
1650 818 1762 855 non
1805 789 2026 874 l'Eglise

140 924 169 956 «
199 903 266 958 de
284 901 439 970 Dieu,
462 898 606 955 mais
631 898 684 952 13
707 914 1020 972 synagogue
1044 895 1111 951 de
1136 895 1319 950 Satan.
1353 917 1381 949 »
1413 897 1588 969 (Ibid.,
1616 916 1673 971 p.
1708 898 1822 970 14.)

214 1001 274 1055 ln
304 997 516 1070 reliqua
544 994 806 1051 concione
838 999 988 1049 totus
1014 998 1096 1049 est
1129 993 1438 1050 cardinalis
1467 994 1547 1049 Du
1578 994 1800 1063 Perron,
1833 1000 1896 1050 ut
1934 986 2029 1050 Ec-

141 1097 319 1154 clesiae
357 1093 585 1151 historia
619 1098 673 1150 et
704 1092 859 1167 praxi
897 1092 1079 1165 palam
1106 1091 1293 1162 faciat,
1330 1091 1478 1148 tertii
1509 1097 1687 1148 status
1727 1094 2029 1149 articulum

137 1211 363 1269 prorsus
387 1191 667 1249 adversari
693 1190 974 1260 doctrinae,
1005 1190 1115 1246 huc
1146 1190 1418 1263 usque'in
1460 1195 1572 1245 toto
1600 1190 1734 1246 orbe
1760 1191 2028 1247 catholico

138 1291 476 1348 indubitatae.
518 1290 618 1345 Pro
655 1306 763 1361 qua
802 1288 1063 1345 concione
1102 1288 1170 1343 ab
1210 1288 1531 1345 Assemblea
1577 1288 1722 1344 Cleri
1769 1286 2027 1342 laudatus

139 1389 265 1445 fuit.
298 1388 562 1444 Caeterum
582 1387 746 1460 pleno
773 1404 1035 1443 successu
1066 1386 1342 1441 intentum
1371 1385 1569 1459 attigit,
1602 1385 1878 1459 siquidem
1913 1384 2027 1440 dic-

140 1494 230 1544 tus
256 1487 405 1543 tertii
435 1491 609 1541 status
638 1485 906 1540 articulus
935 1489 1238 1558 expunctus
1262 1490 1364 1540 est.

213 1586 386 1658 Igitur
409 1584 589 1640 adhuc
604 1601 747 1639 anno
774 1584 944 1652 1615,
960 1584 1083 1638 duae
1105 1583 1352 1640 saniores
1365 1583 1671 1638 Galliarum
1699 1587 1904 1656 partes,
1923 1583 2031 1638 cle-

140 1701 236 1739 rus
261 1684 470 1740 scilicet
502 1688 552 1739 et
581 1682 854 1738 nobilium
873 1682 1028 1752 ord0,
1054 1682 1359 1737 doctrinam
1386 1682 1453 1737 de
1475 1678 1736 1737 Ecclesiae
1760 1686 2031 1755 potestate

145 1781 201 1836 in
223 1798 341 1836 rem
358 1775 717 1853 temporalem
746 1785 991 1835 statuum
1022 1797 1122 1852 pro
1155 1786 1302 1836 certa
1330 1799 1561 1853 prorsus
1589 1786 1642 1835 et
1673 1780 1731 1834 in
1755 1785 1869 1835 toto
1896 1780 2029 1835 orbe

146 1878 293 1951 apud
320 1877 612 1932 catholicos
650 1876 954 1931 indubitata
981 1876 1324 1942 habuerunt3
1360 1878 1692 1932 contrariam
1728 1895 1857 1933 vero
1882 1877 2030 1933 novi-

145 1979 309 2028 tatem
332 1978 594 2045 tanquam
613 1978 762 2027 certo
785 1989 1097 2040 erroneam,
1119 1976 1172 2027 et
1199 1991 1230 2026 α.
1259 1975 1422 2026 ventis
1448 1974 1787 2027 schismaticae
1801 1975 2024 2044 Anqliae‚

98 2140 102 2144 η
147 2075 209 2124 ut
234 2069 519 2124 diciturin
548 2069 816 2124 relatione
847 2069 1307 2140 Procas-verberum,
1336 2070 1393 2124 in
1427 2070 1627 2125 Gallias
1657 2071 1948 2126 invectam.

214 2162 534 2218 Omncrlonns
570 2163 837 2218 Bossursrn.
866 2197 934 2204 —
962 2163 1095 2218 Cum
1136 2165 1344 2220 videret
1363 2166 1682 2222 Bossuetius
1712 2166 1800 2222 v'el
1833 2184 1895 2222 ex
1926 2167 2028 2221 hoc

141 2260 257 2316 solo
286 2261 425 2316 facto
449 2278 708 2316 corruere
738 2261 1035 2315 infaustam
1058 2262 1190 2316 anni
1223 2262 1368 2317 1682
1397 2263 1850 2333 declarationem,
1876 2264 2029 2318 omni

147 2362 263 2412 arte
289 2363 515 2413 conatus
551 2364 632 2414 est
670 2357 782 2413 vim
811 2359 1126 2431 argumenti
1157 2358 1287 2415 inde
1325 2359 1645 2434 deprumpti
1676 2361 2024 2417 obnubilare.

147 2456 213 2509 At
241 2460 387 2510 certe
407 2473 518 2511 non
541 2455 690 2511 aliud
718 2456 967 2528 probavit
993 2475 1160 2528 quarn
1185 2457 1489 2512 versutiam
1515 2476 1691 2513 suam.

223 2549 444 2624 Objectio
471 2552 544 2607 1³.
574 2585 649 2592 —
674 2552 869 2608 Concio
895 2571 924 2607 a
950 2554 1220 2609 cardinali
1258 2554 1338 2610 Du
1376 2556 1580 2611 Perron
1607 2556 1814 2627 habita,
1855 2557 2030 2631 ipsius

146 2647 447 2704 doctrinam
480 2650 787 2723 exprimere
826 2652 1100 2707 censenda
1137 2657 1238 2720 est,
1279 2671 1391 2708 non
1420 2653 1590 2709 totius
1616 2655 1751 2710 cleri
1791 2656 1934 2730 (vide
1972 2656 2028 2711 in

151 2739 293 2796 libro
314 2741 657 2814 Defension58‚
697 2746 830 2800 edit.
859 2747 1020 2803 Lebel
1052 2748 1313 2804 Versaliis
1346 2749 1516 2820 1817,
1543 2754 1583 2804 t.
1608 2751 1797 2820 XXXII,
1826 2771 1880 2826 p.
1910 2753 2022 2824 58).

223 2838 597 2910 Responcletur.
618 2874 695 2883 —
720 2843 922 2915 Primo,
946 2845 1002 2900 id
1029 2846 1075 2902 si
1111 2865 1308 2902 verum
1333 2849 1494 2917 foret,
1525 2856 1850 2924 sequeretur
1876 2869 2029 2925 egre-

146 2934 232 3006 gie
269 2937 563 2992 mentitum
595 2939 934 2996 cardinalem
970 2943 1050 2998 Du
1089 2944 1315 3015 Perron,
1353 2966 1481 3003 cum
1528 2948 1607 3003 sic
1642 2966 1867 3004 exorsus
1900 2955 2021 3004 est:

149 3053 177 3083 «
205 3032 273 3088 Ce
301 3034 440 3090 n'est
483 3035 637 3108 point
674 3037 785 3093 moi
829 3038 925 3111 qui
948 3041 1103 3113 parle
1142 3060 1212 3097 en
1253 3049 1393 3100 cette
1427 3063 1609 3111 cause,
1647 3046 1787 3102 mais
1827 3054 1937 3102 tout
1975 3048 2026 3102 le

146 3145 304 3204 corps
331 3132 399 3187 de
425 3133 626 3190 l'ordre
651 3135 1062 3211 ecclesiastique
1097 3144 1149 3195 et
1179 3148 1291 3196 tout
1318 3143 1462 3198 celui
1483 3145 1549 3200 de
1572 3145 1624 3199 la
1651 3144 1908 3201 noblesse
1931 3144 2027 3218 qui

148 3223 229 3278 lui
256 3245 285 3281 a
311 3227 487 3284 donne
510 3230 845 3303 adjonction.
870 3255 898 3288 1)
952 3236 1087 3291 Pace
1125 3236 1590 3296 Bossuetistarum
1622 3242 1880 3312 dixerim,
1912 3259 2028 3297 car-

150 3319 388 3379 dinalem
411 3326 490 3382 Du
513 3328 717 3385 Perron
738 3333 1014 3390 mendacii
1041 3335 1370 3394 insimulare
1393 3340 1585 3413 putida
1613 3341 1816 3415 injuria
1838 3347 2027 3397 est..—

152 3416 404 3487 Secund0‚
431 3424 476 3479 si
505 3426 668 3482 aliam
703 3447 870 3502 quam
903 3432 1036 3488 cleri
1073 3433 1375 3491 doctrinam
1402 3438 1758 3511 expressisset
1796 3438 1874 3491 Du
1905 3435 2026 3487 Per-

148 3530 270 3578 ron,
314 3515 363 3570 ei
398 3525 522 3590 post
557 3524 877 3582 concionem
907 3529 1290 3602 exprobrasset
1320 3533 1642 3591 Assemblea
1683 3533 1843 3599 Cleri,
1876 3528 2020 3602 quod

149 3611 469 3669 mandatum
494 3624 910 3694 praetergressus
941 3634 1106 3684 esset.
1153 3629 1318 3687 Porro
1349 3650 1476 3688 eum
1501 3651 1530 3688 e
1561 3636 1748 3688 contra
1774 3645 2018 3684 summo-
