2352 4126
198 382 259 414 111
987 354 1282 406 PROOEMIUM.

284 501 590 564 Secundus
621 506 831 562 autem
867 511 1105 568 sensuS,
1134 509 1255 572 quo
1274 508 1495 571 nempe
1522 486 1777 548 Romani
1794 484 2106 547 Pontificis

198 608 611 672 infallibilitas
638 599 969 688 personalis
1002 597 1409 660 diceretur'ad
1436 592 1888 657 excludendum
1914 591 2108 671 quod-

205 716 361 777 libet
387 714 552 776 aliud
578 708 987 772 infallibilatis
1023 704 1396 785 subiectum,
1427 708 1725 763 erroneus
1755 697 2107 759 consendus

203 831 317 885 θεῖ.
348 822 496 884 Nam
514 819 822 880 Romanus
839 812 1118 876 Pontifex
1148 820 1242 874 est
1274 811 1529 892 quidem
1548 804 1971 892 personaliter,
2003 823 2109 865 seu

208 938 514 1011 quatenus
544 945 576 987 a
601 925 840 1005 reliquo
872 920 1202 1003 episcopali
1233 918 1490 998 collegio
1516 916 1864 990 distinctUS,
1894 931 2109 973 verum

211 1034 681 1096 infallibilitatis
723 1031 1105 1112 subjectum;
1154 1047 1278 1089 non
1321 1035 1532 1088 tamen
1580 1024 1864 1085 unicum.
1914 1019 2112 1100 Siqui-

209 1140 374 1216 dem,
425 1160 494 1202 ex
552 1139 970 1220 propositione
1019 1134 1324 1208 secunda,
1368 1132 1688 1194 constituit
1733 1128 2013 1190 Christus
2053 1135 2112 1188 et

200 1247 386 1307 aliam
422 1246 815 1307 infallibilem
859 1243 1328 1315 auctoritatem,
1365 1238 1651 1299 videlicet
1686 1255 1908 1317 corpus
1946 1234 2111 1314 Epis—

202 1372 493 1434 coporum
527 1373 668 1414 cum
710 1353 908 1433 capite
942 1370 1050 1411 suo
1080 1347 1468 1410 concorditer
1514 1345 1588 1406 de
1626 1343 1746 1403 fide
1776 1343 2114 1403 decernen-

204 1461 389 1521 tium.
434 1461 692 1540 Insuper
720 1459 928 1540 aliquo
956 1458 1143 1518 etiam
1177 1454 1360 1516 modo
1386 1450 1854 1513 infallibilitatis
1881 1447 2114 1527 subjec-

203 1575 340 1629 tum
382 1568 502 1628 dici
544 1575 745 1648 potest
778 1585 995 1646 corpus
1024 1564 1467 1646 Episcoporum
1501 1568 1808 1640 quatenus
1845 1575 1879 1617 a
1914 1556 2115 1636 capite

206 1694 316 1736 suo
351 1674 622 1735 Romano
654 1672 948 1734 Pontifice
974 1673 1373 1743 distinctum3
1413 1670 1604 1729 immo
1641 1675 1702 1728 et
1727 1684 1948 1746 corpus
1967 1663 2113 1724 fide-

103 1841 106 1844 .
204 1782 361 1843 lium
389 1790 694 1862 quatenus
717 1781 793 1842 ab
810 1780 1075 1842 Ecclesia
1102 1779 1484 1860 gubernante
1513 1776 1901 1848 distinctum,
1932 1780 2117 1853 prout

208 1889 624 1970 propositione
658 1889 836 1949 tertia
857 1896 918 1949 et
935 1896 1157 1968 quarta
1184 1885 1419 1946 dictum
1447 1891 1558 1943 est.
1589 1881 1758 1942 Unde
1777 1877 2116 1958 rejicienda

205 1996 457 2075 quidem
514 1996 672 2056 foret
725 1992 1179 2077 'infallibilitatis
1235 1988 1559 2071 personalis
1614 1988 1842 2050 locutio
1868 2035 1879 2060 ,
1929 1987 1979 2046 si
2015 1985 2119 2046 ad-

202 2097 520 2160 hiberetur
547 2101 607 2158 in
646 2098 893 2160 secundo
919 2098 1215 2159 sensu.At
1237 2115 1359 2157 non
1385 2095 1538 2156 solet
1568 2095 1631 2154 in
1658 2095 1774 2154 hoc
1802 2110 1986 2152 sensu
2014 2090 2117 2150 ad-

204 2205 429 2267 hiberi.
450 2204 714 2267 Proinde
731 2207 1054 2286 scriptores
1073 2204 1360 2266 catholici
1381 2203 1607 2263 dictam
1622 2200 1994 2260 locutionem
2015 2197 2117 2258 ad-

208 2313 493 2373 hibentes
521 2312 914 2390 intelligendi
943 2320 1089 2372 sunt
1117 2312 1183 2370 in
1211 2310 1409 2390 primo
1437 2326 1647 2383 sensu,
1679 2307 1786 2389 qui
1817 2314 1876 2366 θῖ
1901 2304 2117 2366 obvius

205 2428 266 2481 et
292 2420 612 2498 legitimus
648 2420 904 2479 omnino
932 2425 1044 2480 θεῖ.

295 2523 554 2586 Tertium
571 2544 818 2586 sensum
847 2525 1117 2585 diximus
1134 2544 1253 2605 quo
1272 2524 1416 2607 quis
1429 2521 1802 2605 personalem
1816 2529 2118 2583 assereret

205 2631 383 2712 Papae
411 2630 949 2709 infallibilitatem,
975 2631 1051 2691 ad
1077 2630 1555 2710 significandum
1584 2649 1718 2692 eam
1751 2630 1868 2709 ipsi
1896 2637 1965 2689 ut
1989 2605 2115 2709 pcr-

205 2757 359 2797 sonae
392 2735 668 2819 privatae,
716 2746 1085 2819 competere.
1124 2736 1195 2797 Et
1230 2738 1295 2796 in
1334 2738 1449 2798 hoc
1510 2756 1695 2797 sensu
1749 2734 2116 2796 vocabulum

209 2845 380 2905 istud
414 2845 643 2905 alicubi
686 2845 1051 2906 Fenelonius
1088 2847 1444 2926 impugnat3
1479 2844 1859 2906 contendens
1895 2862 2117 2923 nempe

211 2950 482 3012 Romano
507 2950 809 3026 Pontifici,
834 2959 904 3012 ut
928 2951 1212 3013 Ecclesiae
1239 2952 1446 3032 capiti,
1486 2971 1610 3012 non
1642 2960 1714 3011 ut
1737 2950 1977 3028 ¹doctori
2004 2950 2121 3029 pri-

209 3067 373 3135 vat0,
405 3059 687 3119 collatam
714 3059 1068 3119 inerrantiae
1095 3061 1587 3140 praerogativam.
1625 3059 1692 3118 In
1722 3077 1844 3139 qua
1881 3065 2123 3117 senten-

215 3167 302 3226 tia
335 3164 710 3226 concordant
743 3167 1140 3227 communius
1175 3168 1453 3229 doctores
1498 3165 1806 3240 catholici,
1846 3164 2123 3244 quamvis

216 3272 559 3334 multorum
583 3273 770 3333 etiam
797 3274 877 3333 sit
902 3275 1207 3334 contraria
1233 3275 1464 3356 opinio.
1487 3273 1603 3334 Sed
1630 3273 1846 3333 tertius
1862 3271 1966 3332 ille
1989 3290 2124 3331 sen-

221 3399 327 3442 sus
350 3399 744 3461 nequaquam
772 3379 982 3441 obvius
1011 3388 1125 3458 est,
1147 3401 1259 3442 nec
1278 3380 1539 3462 supponi
1561 3378 1742 3440 debet
1767 3399 1799 3439 a
1824 3380 2124 3460 scriptore

216 3488 516 3561 intentus,
546 3487 668 3548 nisi
698 3507 768 3548 ex
786 3495 1074 3548 contextu
1098 3496 1322 3568 pateat.

301 3593 630 3656 Pfloposmo
679 3594 774 3655 IX.
809 3632 893 3641 —
923 3594 1154 3657 Locutio
1194 3593 1598 3677 infallibitatis
1651 3606 1933 3677 separatae
1966 3605 2126 3657 recta

217 3701 389 3764 estin
431 3699 631 3784 aliquo
659 3700 800 3763 satis
827 3700 993 3763 obvio
1027 3721 1228 3781 sensu,
1266 3702 1607 3764 erroneam
1638 3700 1780 3764 alio,
1810 3737 1896 3748 -
1925 3702 2126 3763 Potest
