2340 4062
839 338 969 385 PARS
998 339 1217 391 QUARTA.
1917 344 1977 388 65

89 449 310 510 titulum
352 447 671 521 gentilium3
723 451 778 503 et
814 446 920 502 hoc
955 450 1265 504 auctoritate
1305 447 1567 503 Ecclesiae.
1599 479 1668 487 —
1711 446 1819 502 flac
1858 448 1977 522 lege

83 557 253 623 potest
279 548 508 604 Ecclesia
533 545 830 603 concedere
853 545 1093 620 Principi
1122 547 1220 603 uni
1251 564 1447 622 capere
1475 553 1653 603 terras
1680 564 1802 620 quae
1822 553 1979 603 erant

89 647 293 702 abolim
334 643 562 701 alterius
608 641 900 715 PrincipiS,
955 659 1093 714 quas
1146 662 1298 701 nunc
1345 650 1618 718 occupant
1667 644 1974 712 Sarraceni,

92 744 310 817 quando
350 740 491 796 alius
523 739 780 812 Princeps
817 738 1171 811 potissimum
1204 760 1315 796 non
1356 747 1538 816 potest
1574 761 1664 798 eas
1703 761 1916 817 capere.
1948 766 1974 795 »

89 842 236 896 Hanc
262 839 511 895 ultimam
549 835 966 892 conclusionem
997 837 1194 909 probat
1227 856 1289 893 ex
1319 856 1380 894 ea
1419 841 1650 906 ratione,
1698 841 1846 913 quod
1886 841 1980 896 do-

92 938 265 993 minia
307 936 418 991 sint
451 933 596 1008 juris
637 933 885 1002 humani,
930 938 982 988 et
1027 933 1174 1006 quod
1214 934 1446 991 Ecclesia
1484 938 1653 1008 possit
1694 957 1793 1011 pro
1829 939 1978 1012 justa

92 1053 252 1090 causa
290 1033 346 1087 in
388 1037 494 1087 tota
547 1030 825 1104 republica
868 1030 1016 1104 juris
1066 1031 1294 1086 humani
1339 1031 1582 1087 dominia
1622 1035 1974 1092 transferre:

97 1131 420 1187 «Distinctio
452 1128 845 1194 dominiorum,
876 1127 1080 1201 inquit,
1123 1134 1207 1185 est
1246 1128 1312 1185 de
1346 1130 1472 1202 jure
1510 1129 1823 1188 humanO...
1865 1134 1979 1198 Quo

9 1291 26 1310 Ι
87 1228 212 1301 jure
261 1245 387 1299 ergo
428 1243 526 1299 pro
564 1224 873 1281 rationabili
928 1242 1089 1282 causa
1146 1226 1204 1280 in
1249 1231 1360 1282 tota
1402 1227 1684 1301 republica
1744 1229 1981 1285 Ecclesia

94 1325 396 1381 dominium
437 1324 736 1380 transferre
771 1327 1025 1398 potest.»
1069 1323 1133 1379 Et
1176 1324 1251 1380 ita
1295 1325 1620 1399 subjungit:
1665 1326 1982 1384 «Nolumus

91 1429 275 1478 tamen
295 1422 475 1478 dicere
496 1421 643 1495 quod
668 1421 734 1477 ad
752 1426 952 1477 nutum
976 1421 1098 1495 ejus
1129 1422 1203 1495 (id
1228 1431 1306 1478 est
1334 1423 1592 1496 Ecclesiae)
1617 1442 1786 1498 regna
1804 1426 1982 1482 chris-

92 1521 367 1576 tianorum
403 1520 737 1594 principum,
779 1519 838 1575 in
880 1519 1082 1594 quibus
1127 1520 1439 1577 dominium
1486 1522 1542 1576 in
1583 1522 1982 1595 temporalibus

95 1636 201 1673 non
240 1618 401 1673 habet
441 1617 550 1672 nisi
590 1617 908 1690 regitivum,
950 1616 1253 1674 transferre
1281 1624 1486 1693 potest;
1531 1619 1626 1675 sed
1665 1620 1763 1675 ubi
1797 1627 1982 1678 essent

101 1714 335 1769 haeretici
358 1721 409 1769 et
428 1714 589 1768 fidem
611 1719 850 1770 evertere
872 1715 1187 1784 molienteS,
1207 1715 1319 1771 Rex
1343 1716 1679 1772 christianus
1699 1718 1979 1791 deponen-

106 1809 207 1864 dus
245 1814 433 1864 esset»
478 1809 567 1877 (ad
601 1809 901 1864 secundum
933 1810 1143 1865 librum
1168 1810 1602 1877 Sententiarum,
1642 1812 1773 1868 dist.
1813 1813 1977 1883 XLIV,

105 1911 297 1976 quaest.
330 1924 397 1970 111,
436 1904 564 1959 folio
591 1904 660 1959 96
687 1921 862 1972 verso,
904 1905 1034 1960 edit.
1065 1905 1123 1959 in
1149 1906 1356 1961 aedibus
1383 1908 1749 1975 Ascensianis,
1783 1910 1975 1983 1510).

102 1999 180 2054 lbi
204 2000 380 2072 palam
397 2000 646 2055 Ecclesiae
667 2002 871 2056 tributa
893 2007 1128 2074 potestas
1146 2003 1415 2074 largiendi
1437 2004 1751 2060 christianis
1776 2006 1980 2077 princi·

102 2098 262 2170 pibus
286 2097 590 2153 infidelium
616 2103 807 2164 terras3
843 2099 953 2154 imo
982 2106 1035 2155 et
1060 2101 1367 2173 deponendi
1396 2102 1577 2175 ipsum
1606 2102 1768 2157 etiam
1796 2103 1980 2158 Galliae

101 2195 323 2268 Regem,
353 2195 396 2251 si
423 2196 561 2252 foret
587 2196 877 2251 haereticus
903 2203 955 2252 et
980 2197 1143 2252 fidem
1169 2204 1413 2255 evertere
1441 2200 1750 2254 moliretur.

175 2289 254 2344 tv.
298 2290 549 2345 Antonius
580 2290 643 2345 cle
678 2290 919 2346 Rosellis‘.
942 2291 1076 2347 —Is
1110 2309 1253 2347 anno
1281 2293 1499 2348 circiter
1524 2294 1668 2349 1580
1699 2296 1755 2349 in
1790 2297 1982 2354 Tuscia

104 2392 286 2454 natuS,
304 2385 621 2459 denegatam
642 2387 708 2442 ab
721 2387 962 2459 Eugenio
983 2388 1119 2462 Papa
1140 2388 1200 2443 tv
1214 2389 1617 2445 cardinalitiam
1634 2391 1977 2464 dignitatem,

105 2499 267 2554 quam
304 2483 647 2538 vehementer
691 2484 983 2550 ambiebat,
1037 2503 1178 2558 aegre
1212 2486 1416 2552 ferenS,
1468 2504 1632 2541 suum
1674 2491 1985 2562 composuit

104 2583 389 2632 tractatum
420 2579 483 2634 de
512 2579 833 2647 Monarchia,
865 2599 1038 2637 sacrae
1061 2582 1513 2655 Congregationis
1536 2583 1737 2639 Indicis
1766 2585 1984 2642 decreto

104 2674 395 2730 confixum.
437 2676 495 2730 In
531 2696 637 2750 quo
670 2678 834 2746 libro,
878 2678 1000 2735 licet
1040 2679 1483 2735 infensissimum
1512 2681 1637 2736 Sedi
1661 2684 1986 2755 Apostolicae

106 2770 355 2825 animum
402 2772 670 2844 exhibeat,
701 2775 844 2830 haud
878 2781 1063 2832 tamen
1095 2795 1293 2850 negare
1320 2796 1488 2834 ausus
1533 2785 1617 2835 est
1659 2780 1985 2837 indirectam

106 2864 163 2919 in
199 2869 515 2940 temporalia
540 2875 883 2943 potestatem.
914 2873 1188 2929 Nimirum
1227 2876 1290 2930 ad
1333 2876 1718 2948 quaestionem,
1755 2896 1823 2932 an
1848 2882 1987 2951 apud

106 2962 302 3036 Papam
344 2968 409 3020 sil
460 2975 685 3040 potestas
723 2972 993 3043 utriusque
1046 2974 1234 3044 qlaclii,
1292 2974 1407 3028 haec
1462 2974 1635 3047 ipsius
1687 2976 1979 3032 doctrina:

113 3061 357 3117 «Fateor
408 3066 554 3138 quod
607 3067 744 3140 Papa
792 3068 955 3124 habet
1001 3069 1536 3128 administrationem
1594 3075 1983 3147 temporalium

113 3162 375 3227 quatenus
406 3162 737 3219 ancillantur
778 3165 1048 3222 divinis...
1095 3167 1230 3240 Papa
1274 3169 1569 3225 necessitat
1615 3171 1879 3228 Caesarem
1916 3174 1979 3227 ad

113 3252 432 3323 spiritualia,
463 3264 512 3315 et
545 3264 826 3318 occasione
851 3281 1042 3319 eorum
1069 3264 1311 3339 disponit
1339 3266 1396 3320 in
1435 3270 1887 3342 consequentiam
1915 3270 1979 3324 de

113 3353 572 3421 temporalibus..
601 3357 978 3433 Principaliter
994 3366 1178 3417 tamen
1197 3381 1308 3418 non
1332 3362 1570 3438 disponit
1590 3366 1728 3439 Papa
1755 3366 1822 3421 de
1845 3372 1979 3421 tem-

114 3445 391 3515 poralibus
419 3451 485 3505 ad
509 3452 642 3509 alios
667 3464 944 3529 respectus
974 3475 1140 3529 quam
1174 3457 1350 3532 ipsius
1378 3458 1528 3526 finis;
1567 3467 1621 3517 et
1662 3463 1738 3517 sic
1771 3468 1850 3517 est
1876 3461 1979 3513 im-

115 3547 332 3614 perator
355 3543 630 3617 subjectus
652 3551 804 3624 Papae
830 3553 888 3607 in
918 3555 1307 3627 temporalibus
1336 3557 1548 3614 ratione
1575 3556 1972 3631 spiritualiuin3

114 3654 222 3692 non
252 3645 433 3696 autem
471 3660 619 3700 mere
643 3647 854 3705 ratione
878 3650 1126 3723 ipsorum
1161 3653 1615 3726 temporalium...
1649 3654 1753 3707 Nec
1786 3671 1885 3708 nos
1912 3653 1978 3708 de

352 3759 415 3791 ιιι.
1715 3755 1742 3798 5
