2352 4126
316 345 376 391 28
664 302 668 306 ι
989 338 1288 389 TRACTATUS
1318 339 1383 385 DE
1415 338 1563 386 PAPA.

316 452 399 506 m‘s
422 451 770 508 inscribitur.
803 451 864 506 In
895 467 1003 522 qua
1025 444 1419 520 compilatione
1441 445 1586 501 nihil
1613 445 1679 502 de
1705 464 1807 503 suo
1833 455 2032 523 praeter
2052 452 2237 525 prolo-

317 567 453 623 gum
481 556 535 608 et
557 551 804 625 capitum
831 545 1224 620 inscriptiones
1251 544 1510 602 inseruit.
1537 545 1612 600 Ita
1634 550 1697 601 ut
1730 549 1910 603 totum
1941 566 2079 623 opus
2106 568 2237 607 con-

315 655 423 706 stet
465 650 826 707 citationibus
874 664 974 702 seu
1027 645 1326 720 excerptis,
1375 650 1541 718 prout
1594 645 1712 719 ipse
1761 649 2096 719 praemonuit
2142 650 2236 706 his·

312 749 498 806 verbis
524 771 533 801 :
568 768 595 800 «
625 745 1016 818 Excerptiones
1051 743 1556 801 ecclesiasticarum
1583 745 1907 818 regularum
1934 747 2138 821 partim
2161 767 2230 806 ex

313 847 564 921 epistolis
582 846 961 900 Romanorum
984 843 1336 914 Pontificum,
1363 843 1568 917 partim
1591 861 1658 900 ex
1674 844 1843 917 gestis
1866 845 2229 904 conciliorum

311 944 715 1002 catholicorum
743 944 1168 1019 Episcoporum‚
1204 942 1408 1017 partim
1443 961 1504 998 ex
1539 943 1868 1000 tractatibus
1900 944 2232 1002 orthodoxo-

314 1062 437 1099 rum
465 1044 717 1114 Patrum,
747 1044 950 1118 partim
986 1062 1050 1100 ex
1093 1042 1547 1098 institutionibus
1584 1043 1984 1100 catholicorum
2008 1062 2229 1119 regum,

312 1142 587 1198 nonnullo
617 1142 808 1198 labore
833 1142 891 1197 in
925 1159 1105 1198 unum
1131 1158 1335 1214 corpus
1368 1140 1616 1196 adunare
1643 1141 1853 1197 curavi.
1888 1163 1914 1195 »
1944 1142 2112 1199 Porro
2147 1143 2232 1198 in-

312 1245 397 1296 ter
423 1239 549 1294 illas
576 1238 986 1312 excerptiones,
1017 1255 1155 1311 quas
1193 1242 1462 1310 tanquam
1489 1237 1882 1294 Ecclesiasticus
1907 1239 2115 1312 reyulas
2138 1240 2233 1295 ad-

313 1339 469 1395 ducit
494 1343 722 1394 sanctus
746 1339 858 1408 lvo,
883 1338 1050 1395 citata
1078 1337 1321 1394 occurrit
1352 1337 1420 1392 ad
1446 1336 1912 1395 Heriminannum
1935 1339 2231 1397 Metensem

310 1439 628 1496 Antistitem
656 1439 893 1496 celebris
926 1438 1102 1495 sancti
1133 1437 1381 1511 Gregorii
1415 1437 1502 1492 VII
1531 1437 1786 1511 epistola,
1827 1438 1885 1493 in
1924 1440 2075 1496 hunc
2112 1458 2232 1496 sco-

310 1558 445 1614 pum
488 1538 695 1613 scripta
733 1543 797 1594 ut
835 1538 1096 1612 probaret
1134 1537 1262 1610 jure
1301 1554 1331 1591 a
1377 1554 1436 1592 se
1482 1536 1793 1610 depositum
1837 1537 2231 1612 imperatorem

310 1639 614 1694 Henricum
642 1636 729 1705 lV;
765 1643 819 1695 et
847 1638 904 1693 in
925 1656 1035 1711 qua
1062 1637 1296 1711 insuper
1315 1640 1588 1692 memorat
1611 1635 1758 1691 idem
1784 1642 2009 1693 sanetus
2034 1638 2234 1710 Grego—

310 1735 429 1790 rius
458 1735 540 1789 VII
570 1735 774 1790 throno
814 1752 843 1789 a
874 1733 1012 1790 Sede
1037 1733 1348 1808 Apostolica
1379 1734 1657 1807 dejectum
1695 1734 2069 1790 Childericum
2109 1734 2231 1790 Gal-

309 1834 518 1889 liarum
546 1851 758 1907 regem,
783 1837 836 1888 et
863 1833 1075 1889 solutos
1101 1851 1131 1887 a
1158 1832 1439 1887 fidelitatis
1464 1833 1785 1906 juramento
1809 1834 1931 1906 ejus
1954 1833 2228 1889 subditos.

309 1934 386 1988 Ex
421 1952 531 2007 qua
567 1932 800 2007 epistola
827 1938 1043 1988 constat
1083 1938 1248 2006 caput
1277 1951 1570 2003 ccctxxv111,
1594 1932 1768 2006 partis
1795 1932 1834 1987 V
1865 1933 2231 2006 collectionis,

309 2032 389 2087 sic
416 2032 750 2105 inscriptum
776 2052 787 2084 :
817 2032 1030 2088 Nullam
1057 2033 1364 2103 diynitatem
1389 2033 1716 2102 saecularem,
1739 2034 1832 2087 secl
1857 2052 1950 2088 nec
1982 2036 2230 2106 imperia-

309 2132 428 2199 lem,
476 2134 663 2187 honori
696 2132 774 2186 vel
812 2132 1054 2204 diffie-irati
1087 2133 1370 2204 episcopali
1395 2150 1553 2211 posse
1594 2133 1884 2203 adaequari.
1912 2132 2030 2186 Non
2058 2138 2230 2190 totam

309 2230 604 2304 epistolam
622 2230 860 2286 inseruit
879 2230 990 2300 lvo,
1013 2229 1109 2285 sed
1129 2235 1477 2303 excerptum3
1496 2234 1549 2284 et
1564 2233 1750 2283 tamen
1775 2227 1831 2282 in
1852 2228 1958 2283 isto
1972 2237 2230 2304 excerpto
2285 2238 2290 2241 ’

310 2330 545 2387 retinuit
575 2332 728 2385 hunc
755 2330 1003 2402 epistolae
1028 2330 1213 2384 locum
1240 2349 1251 2381 :

389 2427 594 2482 «Alius
627 2426 760 2481 item
786 2425 1070 2481 Romanus
1104 2425 1348 2482 Pontifex
1371 2443 1557 2498 regem
1591 2426 1950 2497 Francorum,
1976 2445 2089 2483 non
2115 2434 2229 2483 tam

309 2541 408 2599 pro
440 2523 557 2579 suis
587 2523 983 2596 iniquitatibus
1022 2541 1193 2597 quam
1229 2542 1328 2598 pro
1364 2542 1428 2579 eo
1462 2525 1608 2597 quod
1636 2530 1802 2581 tantae
1826 2526 2080 2600 potestati
2112 2532 2230 2582 erat

308 2622 549 2688 inutilis,
581 2640 611 2676 a
639 2640 812 2694 regno
843 2621 1122 2696 deposuit,
1153 2627 1207 2677 et
1234 2622 1502 2696 Pepinum
1536 2624 1713 2679 Caroli
1752 2624 2105 2698 imperatoris
2139 2644 2231 2699 pa-

307 2727 451 2778 trem
489 2721 546 2775 in
592 2721 713 2795 ejus
759 2722 880 2777 loco
928 2721 1240 2788 substituit,
1271 2740 1579 2796 omnesque
1606 2724 1972 2797 Francigenas
2016 2742 2045 2779 a
2074 2725 2230 2798 jura-

309 2825 497 2876 mento
518 2813 806 2876 fidelitatis
829 2820 1087 2876 absolvit.
1117 2842 1145 2873 »
1177 2820 1254 2875 Ex
1280 2821 1380 2876 hoc
1397 2821 1725 2879 documento
1751 2822 1830 2878 sic
1850 2822 2230 2896 colligendum

307 2921 456 2977 venit
488 2942 497 2973 :
2052 2928 2054 2931 ’

380 3020 584 3089 Ρνὶνηο,
619 3020 665 3075 si
691 3019 1017 3075 Bossuetius
1048 3020 1347 3091 reqnlarzmz
1383 3021 1853 3076 ecclesiasticarum
1884 3020 2231 3093 compilatio-

307 3137 437 3176 nem
464 3119 875 3189 concinnasset,
928 3120 1126 3193 procul
1157 3119 1328 3176 dubio
1363 3120 1553 3175 locum
1580 3121 1731 3176 hunc
1756 3119 2227 3192 praetermisisset.

306 3219 372 3274 At
400 3219 653 3274 nondum
685 3222 813 3273 nata
844 3218 1026 3273 lvonis
1056 3222 1310 3292 tempore
1336 3219 1732 3291 independentis
1755 3217 1824 3272 ab
1859 3217 2230 3274 ecclesiastica

306 3323 544 3374 terrenae
575 3317 863 3392 potestatis
884 3317 1248 3373 Bossuetiana
1273 3317 1513 3374 novitas.

385 3417 651 3487 Semme,
693 3435 756 3473 ex
790 3435 853 3472 eo
895 3417 1046 3489 quod
1087 3422 1315 3473 sanctus
1351 3417 1439 3472 Ivo
1480 3416 1686 3472 dictam
1726 3417 2017 3491 epistolam
2057 3418 2235 3474 codici

310 3534 410 3572 suo
435 3515 762 3585 inseruerit,
794 3516 958 3589 plane
977 3515 1234 3588 sequitur
1255 3534 1377 3572 eam
1404 3514 1550 3588 apud
1578 3514 1761 3588 ipsum
1787 3515 2116 3572 auctoritate
2141 3533 2230 3571 va-

308 3615 505 3688 luisse,
538 3621 592 3672 et
627 3634 654 3671 a
686 3614 904 3671 fortiori
937 3633 1130 3670 sanam
1157 3619 1212 3670 et
1246 3619 1454 3670 rectam
1480 3614 1549 3669 ab
1589 3613 1707 3688 ipso
1743 3614 2118 3672 existimatam
2141 3631 2230 3670 ea-

313 3717 576 3772 rumdem
605 3715 925 3772 litterarum
942 3714 1276 3771 doctrinam.
