2340 4062
845 309 976 357 PARS
1004 305 1223 361 QUARTA.
1926 301 1979 347 61

100 423 181 479 rio
205 421 460 495 dejicere,
491 418 585 474 sed
614 433 782 491 penes
813 413 1081 488 populum
1107 411 1315 485 ipsum,
1342 406 1507 480 cujus·
1530 404 1637 461 fuit
1664 403 1976 479 principem

101 535 308 586 creare,
349 516 455 572 erit
487 516 579 588 jus
616 517 670 568 et
707 514 948 586 potestas
985 508 1166 564 eidem
1201 503 1438 581 principi
1478 501 1780 577 imperium
1822 501 1982 558 abro-

99 616 284 691 gandi.
314 637 340 667 »

174 714 320 770 Hanc
357 706 780 787 protestantium
820 709 874 760 et
917 702 1156 759 haeretici
1198 701 1421 757 Marsilii
1462 699 1781 775 opinionem
1819 703 1979 755 vocat

100 817 233 871 Azor
268 810 594 867 temerariam
630 812 679 860 et
713 820 942 859 errorem
983 804 1349 856 continentem.
1394 801 1533 856 Tum
1579 800 1653 855 ita
1693 798 1979 872 subjungit

102 911 327 984 quinam
367 908 616 962 doctores
649 899 902 958 catholici
939 898 1167 972 propius
1205 897 1574 953 accesserint:
1621 898 1782 954 «Non
1811 898 1974 970 longe

101 1008 167 1063 ab
194 1006 280 1061 his
305 1005 527 1060 fuerunt
560 998 887 1055 Guillelmus
927 997 1098 1052 Okam
1133 1000 1186 1051 et
1213 995 1448 1050 Joannes
1472 995 1798 1051 Parisiensis
1833 996 1984 1051 theo-

100 1102 230 1174 logi,
261 1106 314 1157 et
336 1101 526 1155 Dantes
556 1102 712 1171 poeta
742 1093 1114 1150 Florentinus.
1146 1091 1414 1146 Okamum
1457 1095 1511 1146 et
1547 1090 1810 1146 Joannem
1834 1091 1983 1146 Pari-

102 1198 335 1253 siensem
368 1194 541 1252 secuti
573 1198 703 1248 sunt
729 1190 1016 1246 Almain...
1061 1193 1115 1244 et
1138 1187 1325 1260 Major.
1351 1208 1378 1237 ι»
1418 1186 1591 1259 (Amr,
1624 1185 1980 1242 Institutiones

99 1295 340 1363 moralem,
371 1300 413 1348 t.
450 1292 513 1357 ΙΙ,
543 1297 697 1365 parte
732 1290 796 1356 Π,
832 1289 872 1344 l.
908 1289 991 1357 IV,
1019 1306 1068 1343 c.
1103 1287 1229 1359 mx.)
1257 1285 1351 1340 His
1377 1284 1665 1340 addendus
1691 1283 1895 1339 Roselli
1925 1290 1978 1340 et.

99 1392 327 1448 celebris
350 1391 574 1447 Gerson.
602 1390 767 1444 Porro
792 1387 860 1443 ab
886 1386 975 1442 his
1008 1384 1292 1455 omnibus,
1321 1383 1423 1439 etsi
1453 1384 1709 1439 haeretico
1733 1382 1979 1438 Marsilio

99 1488 550 1563 proximioribuS,
579 1491 788 1542 asserta
815 1489 895 1540 est
912 1483 1097 1556 aliqua
1117 1480 1326 1554 Papalis
1351 1485 1591 1554 potestas
1617 1479 1677 1534 in
1699 1497 1819 1535 rem
1840 1484 1980 1535 tem·

100 1587 341 1660 poralem
379 1590 642 1641 statuum.

176 1685 216 1737 Ι.
260 1684 506 1739 Doctrina
547 1681 723 1737 Oka'mi
764 1687 812 1734 et
838 1678 1084 1735 Almaini.
1118 1710 1192 1718 —
1216 1679 1524 1749 Utrumque
1561 1673 1979 1748 conjungimuS‚

107 1779 233 1852 quia
247 1779 553 1842 Almainus‚
581 1775 768 1830 Okami
799 1793 964 1848 opera
982 1773 1393 1828 commentariis
1419 1772 1739 1843 illustravit,
1762 1777 1816 1827 et
1846 1772 1979 1828 satis

106 1881 188 1930 est
219 1874 376 1930 citari
403 1872 739 1938 Almainum,
769 1876 830 1925 ut
855 1871 1119 1925 habeatur
1146 1871 1439 1943 utriusque
1463 1870 1736 1925 doctrina.
1771 1870 1978 1926 Floruii

104 1971 270 2027 Okam
303 1970 519 2042 anglus,
555 1967 764 2023 ordinis
792 1966 973 2021 Sancti
1007 1966 1299 2036 Francisci‚
1335 1967 1479 2021 Scoti
1511 1967 1840 2040 discipuIUS,
1874 1969 1978 2023 sub

103 2068 269 2124 finem
298 2066 481 2121 saeculi
512 2085 616 2120 xm.
643 2065 999 2121 Schismatico
1029 2065 1159 2137 Regi
1186 2064 1456 2120 Ludovico
1482 2065 1727 2132 Bavari0‚
1764 2083 1978 2121 necnon

98 2163 395 2235 Anti-Papae
420 2163 574 2217 Petro
599 2145 855 2217 Corbario
878 2162 1229 2234 pertinaciter
1254 2162 1502 2217 adhaesit.
1531 2162 1591 2216 In
1614 2180 1741 2217 eum
1768 2181 1986 2219 excom-

103 2260 492 2317 municationis
530 2260 858 2316 sententiam
897 2259 1274 2333 pronuntiavit.
1312 2259 1550 2314 Joannes
1583 2261 1731 2329 XXII,
1767 2279 1831 2316 ac
1862 2263 1984 2335 ejus

104 2356 305 2430 scripta
336 2357 509 2412 Sacrae
534 2356 975 2428 Congregationis
1004 2356 1202 2411 indicis
1229 2357 1447 2411 decreto
1481 2356 1691 2412 confixa
1720 2364 1868 2425 sunt.
1898 2361 1990 2415 Al-

106 2453 324 2507 mainus
359 2471 504 2518 vero,
545 2454 732 2508 doctor
770 2453 1124 2522 SorbonicuS,
1171 2471 1229 2509 se
1266 2459 1444 2508 totum
1482 2455 1690 2509 addixit
1731 2458 1982 2530 partibus

104 2548 265 2620 Regis
286 2547 469 2603 Galliae
490 2548 742 2604 Ludovici
778 2549 883 2615 XII,
916 2550 974 2604 in
1002 2548 1122 2622 e]us
1150 2549 1403 2605 conflicto
1429 2568 1557 2604 cum
1587 2550 1731 2605 Julio
1753 2552 1890 2626 Papa
1917 2553 1981 2609 ll.

107 2644 253 2700 Obiit
289 2663 433 2700 anno
476 2647 640 2701 1515.
683 2647 802 2702 Haec
849 2665 1010 2720 porro
1060 2647 1262 2720 ἱρείης,
1314 2664 1529 2703 necnon
1568 2648 1820 2720 magistri
1865 2650 1988 2723 ejus

108 2738 295 2794 Okami
328 2741 571 2796 doctrina
599 2762 610 2796 :

183 2837 472 2893 «Christus
491 2857 786 2912 numquam
805 2839 952 2896 dedit
974 2841 1354 2897 auctoritatem
1367 2841 1522 2897 Petro
1536 2842 1779 2916 aliquem
1803 2862 1987 2917 regem

105 2937 461 3007 temporalem
501 2954 530 2990 a
555 2937 939 3009 jurisdictione
967 2957 1065 2994 sua
1097 2939 1426 3012 deponendi,
1467 2945 1521 2995 et
1558 2958 1668 2995 non
1708 2941 1858 2997 dedit
1896 2961 1990 3015 po-

106 3036 354 3088 testatem
382 3033 551 3089 laicos
587 3034 703 3090 suis
733 3035 1160 3109 proprietatibus
1187 3042 1241 3092 et
1275 3036 1540 3092 dominiis
1576 3038 1847 3110 privandi,
1880 3040 1989 3095 nisi

108 3126 166 3181 in
197 3146 324 3184 casu
355 3130 400 3186 si
436 3132 776 3205 contingeret
800 3133 1107 3208 Principem
1142 3136 1463 3190 saecularem
1507 3136 1660 3191 abuti
1699 3155 1759 3192 re
1793 3155 1893 3192 sua
1933 3138 1989 3191 in

111 3225 406 3292 perniciem
437 3227 853 3284 christianitatis
884 3229 967 3284 vel
1007 3229 1156 3300 fidei,
1204 3230 1278 3285 ita
1309 3233 1457 3304 quod
1485 3232 1582 3288 ille
1614 3233 1819 3288 abusus
1849 3241 1991 3289 esset

114 3317 171 3372 in
212 3322 443 3378 maximo
482 3331 816 3382 nocumento
859 3344 959 3400 pro
998 3328 1391 3384 consecutione
1426 3329 1709 3386 felicitatis
1747 3337 1984 3386 aeternae.

113 3414 174 3469 Et
198 3431 308 3470 non
338 3426 497 3491 negat
519 3421 708 3478 doctor
744 3422 817 3491 (id
858 3430 939 3479 est
965 3424 1252 3494 Okamus)‚
1281 3426 1418 3499 quin
1454 3427 1512 3481 in
1549 3428 1648 3483 tali
1691 3446 1819 3483 casu
1847 3428 1987 3496 Papa

113 3510 285 3584 possit
309 3529 435 3567 eum
471 3516 758 3589 deponere,
798 3520 899 3575 etsi
935 3521 1030 3576 alii
1061 3523 1310 3578 doctores
1350 3525 1455 3580 hoc
1488 3531 1706 3596 negent,
1738 3520 1986 3593 quamvis

115 3607 345 3664 doceant
384 3609 578 3682 Papam
615 3615 819 3671 habere
858 3618 1038 3673 solum
1081 3625 1405 3693 potestatem
1442 3618 1754 3676 declarandi
1807 3616 1984 3689 ipsum
