2340 3990
374 281 461 329 572
1049 272 1340 320 TRACTATUS
1371 272 1438 318 DE
1469 273 1619 320 PAPA.
1686 325 1687 328 Ἰ

369 393 700 446 convocaret
725 387 1031 458 imperator
1056 380 1392 451 Marcianus,
1427 380 1731 466 scripserat
1755 381 1823 437 ad
1847 382 1903 438 S.
1933 382 2162 444 Leonem
2190 372 2322 448 Pa-‚zss

366 508 517 566 pam.
547 490 723 544 Immo
757 491 811 541 et
843 483 965 558 ipse
990 481 1094 538 Leo
1129 481 1407 556 synodum
1445 479 1772 555 congregari
1797 467 2201 556 postulaverat;
2232 463 2330 563 θῐζΔ

366 590 434 644 ad
469 587 624 642 illam
654 583 809 640 misit
841 581 1087 656 Legatos,
1122 580 1219 654 qui
1249 581 1425 655 ipsius
1457 579 1580 636 loco
1609 579 1992 655 praesiderent.
2027 581 2087 637 Id
2117 582 2311 641 docu--

362 683 569 741 mentis
617 682 915 758 probatum
957 679 1083 736 vide
1129 679 1279 753 apud
1315 677 1648 746 Muzzarelli,
1695 678 1790 753 qui
1832 678 1912 735 sic
1949 680 2234 738 concludit
2265 705 2278 738 ε

361 784 571 839 «Patet
626 782 838 855 itaque,
884 779 1034 854 quod
1069 777 1376 835 concilium
1418 777 1864 835 Chalcedonense
1913 785 2276 840 convocatum
2312 767 2315 778 ἵ

352 883 461 938 fuit
498 899 598 956 per
632 879 1024 937 auctoritatem
1057 877 1497 934 ecclesiasticam
1532 896 1560 933 a
1596 878 1797 949 Leone,
1829 883 1883 934 et
1913 896 2012 953 per
2054 878 2277 938 saecula-
2310 894 2318 943 ,’

351 999 468 1038 rem
502 986 832 1057 potestatem
863 978 1106 1053 praesidii
1139 997 1169 1034 a
1207 977 1487 1034 Marciano
1523 977 1936 1053 imperatore.»
1976 979 2072 1053 (De
2101 987 2276 1037 aucto-

345 1084 506 1137 ritate
546 1082 699 1137 Rom.
743 1081 1016 1154 Pontifieis
1054 1082 1106 1134 in
1156 1080 1392 1135 conciliis
1434 1098 1578 1152 qen„
1619 1084 1659 1135 t.
1705 1078 1770 1145 ΙΙ,
1824 1096 1950 1154 pag.
2002 1080 2091 1146 76,
2140 1079 2270 1136 edit.
2315 1060 2317 1064 ,

346 1180 640 1247 Gandavi.)
671 1180 868 1236 Confer
893 1178 1302 1234 Bellarminum
1337 1180 1421 1252 (de
1448 1179 1717 1246 Conciliis,
1749 1179 1788 1233 1.
1820 1178 1861 1244 Ι,
1893 1196 1942 1234 e.
1976 1179 2109 1252 xm).
2273 1172 2275 1174 ’

427 1279 618 1344 Quoad
666 1278 971 1334 concilium
1009 1277 1693 1350 Constantinopolitanum
1735 1277 2070 1343 secundum,
2110 1295 2273 1350 gene·
2312 1340 2315 1342 ,

345 1378 463 1433 rale
492 1377 778 1449 quintum,
811 1375 889 1430 sic
929 1375 1097 1431 hahet
1129 1374 1434 1430 Muzzarelli
1466 1376 1554 1444 (cle
1580 1375 1905 1432 Auctoritate
1938 1377 2090 1432 Rom.
2127 1378 2271 1433 Pon·
2304 1364 2326 1422 ἵ

344 1479 496 1549 tifieis
538 1478 587 1531 in
620 1475 875 1540 conciliis,
911 1480 952 1528 t.
995 1474 1061 1544 Il,
1107 1493 1162 1548 p.
1205 1474 1336 1546 165,
1369 1473 1503 1529 edit.
1536 1472 1780 1544 Lovanii)
1814 1493 1825 1528 :
1863 1494 1890 1526 «
1912 1475 1989 1529 Ex
2015 1475 2102 1534 his
2134 1476 2269 1533 actis

341 1583 618 1642 constant,
674 1574 925 1650 primuni
970 1573 1298 1647 requisitam
1347 1574 1519 1630 fuisse
1545 1573 1728 1647 vigilii
1768 1575 2158 1631 auctoritatem
2203 1577 2269 1633 ad

339 1675 798 1732 convocationem
826 1672 1071 1743 concilii,
1113 1678 1166 1727 et
1209 1672 1393 1746 ipsum
1437 1673 1810 1729 consensisse.
1857 1672 2131 1744 SecundO,
2179 1674 2270 1731 de-

340 1772 511 1826 latam
539 1771 587 1827 ei
618 1771 795 1827 fuisse
823 1772 1216 1844 praesidentiam
1243 1771 1488 1855 conc‘ilii3
1516 1773 1611 1829 sed
1641 1772 1830 1847 ipsum
1865 1773 2103 1829 concilio
2132 1773 2271 1830 intc-

344 1888 495 1927 resse
535 1889 848 1926 recusasse.
888 1870 1019 1934 Quae
1053 1871 1163 1926 duo
1209 1871 1342 1926 satis
1378 1871 1760 1942 manifestant,
1801 1877 2064 1928 constans
2098 1873 2269 1930 fuisse

342 1970 492 2045 apud
529 1968 939 2042 antiquitatem,
972 1968 1122 2042 quod
1151 1969 1436 2025 Romanus
1466 1970 1717 2027 Pontifex
1753 1971 1991 2026 concilia
2031 1989 2271 2028 oecume-

344 2070 470 2126 nica
499 2074 851 2137 convocaret,
887 2072 941 2123 et
966 2067 1046 2123 eis
1076 2068 1427 2141 congregatis
1464 2070 1814 2143 praesideret.
1855 2071 2010 2136 Quod
2063 2071 2130 2144 si,
2161 2089 2272 2127 non
2299 2098 2310 2105 ·

346 2170 602 2226 obstante
623 2186 845 2224 secessu
866 2167 1078 2223 summi
1100 2167 1402 2235 Pontificis,
1425 2169 1672 2244 synodus
1695 2169 1882 2226 habita
1903 2170 2031 2241 fuit,
2061 2170 2275 2226 factum

347 2268 686 2345 particulare
730 2286 842 2323 non
885 2268 1085 2341 prohat
1112 2272 1303 2323 contra
1341 2268 1455 2341 jus,
1495 2269 1739 2325 maxime
1782 2269 1841 2324 in
1880 2274 2180 2341 conventu,
2218 2269 2307 2325 inf

347 2388 458 2444 quo
482 2367 670 2425 onmia
700 2386 799 2442 per
834 2367 944 2424 vim
976 2367 1247 2442 principis
1275 2373 1326 2424 et
1354 2386 1456 2443 per
1485 2373 1697 2425 metum
1729 2369 2129 2444 Episcoporum
2154 2385 2274 2442 per-

350 2475 471 2525 acta
503 2470 681 2525 suere.
728 2468 911 2532 Quare
954 2467 1408 2524 concludendum
1455 2473 1539 2524 est
1586 2469 1735 2542 quod
1769 2469 1865 2526 ille
1895 2467 2275 2525 Constantino*

347 2570 631 2644 politanus
674 2574 981 2624 conventus
1013 2568 1373 2624 orientalium
1395 2568 1798 2644 Episcoporum
1831 2588 1943 2626 non
1970 2586 2273 2644 repraesen-
2309 2579 2315 2582 '

347 2669 502 2725 tabat
548 2667 868 2741 legitimum
906 2667 1212 2722 concilium
1262 2671 1748 2723 oecumenicum...
1809 2668 2023 2723 Etenim
2077 2673 2279 2742 praeter
2303 2706 2313 2748 f

350 2767 711 2843 praesentiam
751 2764 986 2821 Romani
1030 2763 1312 2821 Pontificis
1347 2783 1446 2840 per
1496 2783 1553 2821 se
1589 2766 1675 2821 vel
1729 2783 1829 2840 per
1870 2767 2078 2838 legatos
2120 2784 2297 2839 suOS,-

354 2869 541 2925 deerat
567 2867 696 2923 huic
724 2866 933 2944 synodo
959 2865 1380 2939 repraesentatio
1414 2864 1678 2921 Ecclesiae
1704 2865 2136 2921 occidentalis...
2156 2866 2295 2922 Haec'

354 2974 481 3023 ante
503 2967 697 3023 oculos
722 2983 837 3020 non
866 2963 1066 3020 habuit
1093 2963 1515 3021 illustrissimus
1537 2963 1886 3031 BossuetiuS,
1917 2983 2046 3020 cum
2070 2963 2291 3038 quintae

355 3067 564 3142 synodo
600 3065 826 3131 habitae,
865 3063 1038 3120 invito
1074 3083 1137 3120 ac
1164 3069 1513 3139 repugnante
1551 3063 1751 3136 Vigilio
1783 3063 1948 3136 Papa,
1979 3063 2318 3125 auctorita-„⁸

355 3175 466 3225 tem
494 3165 719 3222 concilii
747 3183 873 3220 vere
898 3164 1231 3220 oecumenici
1270 3164 1486 3220 deferre
1515 3162 1759 3229 videtur,
1793 3166 1950 3236 parte
1981 3162 2070 3228 III,
2102 3163 2141 3218 l.
2172 3161 2273 3235 vn,

359 3284 479 3341 cap.
508 3284 594 3320 xx.
618 3263 775 3319 Certe
803 3261 1012 3317 oblitus
1036 3263 1219 3317 fuerat
1243 3279 1358 3317 suaa
1389 3260 1681 3317 sententiae
1702 3277 1800 3335 pro
1825 3260 2020 3334 quinta
2046 3259 2310 3336 synodos»

359 3385 490 3423 cum
519 3364 688 3439 (libro
718 3360 848 3427 vlu,
887 3378 1007 3434 cap.
1040 3362 1143 3433 v111)
1187 3360 1254 3415 de
1296 3378 1506 3416 canone
1546 3359 1818 3433 vigesimo
1861 3364 2050 3417 octavo
2087 3355 2335 3435 synodis

360 3469 575 3540 quartae
614 3460 816 3517 deinde
856 3458 1079 3533 scripsit
1120 3481 1131 3512 z
1183 3459 1242 3515 In
1284 3478 1342 3515 eo
1379 3479 1581 3516 canone
1621 3461 1902 3516 statuendo
1947 3471 2300 3533 nequaquam*

316 3539 323 3543 ‘
360 3563 565 3621 concilii
595 3559 853 3634 generalis
884 3559 1198 3615 auctoritate
1227 3559 1546 3630 qaudebam,
1580 3577 1610 3614 a
1639 3577 1860 3632 quorum
1890 3559 2110 3614 decretis
2135 3559 2188 3612 in
2213 3572 2271 3611 ea

361 3667 566 3720 actione
595 3679 711 3718 eum
742 3659 877 3716 Sede
894 3658 1197 3732 Apostolica
1224 3661 1499 3715 universus
1531 3660 1770 3715 occidens
1796 3659 2088 3715 recedebat.
2125 3653 2274 3722 Quod
