2340 3990
865 299 992 347 PARS
1021 299 1238 354 QUARTA.
1875 329 1886 337 ·
1903 296 1992 344 297

115 410 198 468 <nis
238 408 570 464 conditionis
608 407 712 463 sub
757 423 815 462 se
850 403 1255 478 complectitur,
1296 403 1483 458 eadem
1532 417 1689 474 reges
1733 399 1902 457 etiam
1942 406 1997 456 et

119 507 477 581 imperatores
503 503 936 577 comprehendit;
978 502 1107 575 quia
1146 501 1301 557 nullo
1329 500 1454 574 jure
1492 498 1726 572 exempti
1755 504 1900 554 sunt.
1932 498 1995 553 Et

118 605 264 677 regia
293 603 529 677 dignitas
555 619 681 658 cum
707 599 1002 656 christiana
1031 598 1371 672 subjectione
1397 615 1508 654 non
1540 602 1828 670 repugnat,
1858 595 1994 652 alias

120 702 283 758 etiam
313 717 439 756 cum
471 697 769 754 christiana
798 695 904 751 fide
934 701 987 750 et
1020 696 1358 768 professione
1391 700 1683 770 pugnaret,
1721 712 1849 750 cum
1875 693 1994 767 ipsa

120 795 318 851 Christi
359 794 493 849 fides
534 790 900 847 obedientiam
928 792 1068 846 lianc
1105 809 1132 846 a
1170 791 1284 847 suis
1326 791 1629 847 cultoribus
1666 790 1931 864 requirat.
1963 811 1990 843 »

125 895 361 966 (Suarez,
388 892 626 964 Defensio
650 892 772 961 futei
800 895 986 946 contra
1014 891 1234 962 Anglos,
1262 891 1302 945 l.
1331 890 1417 954 111,
1446 908 1491 944 c.
1522 910 1624 958 xx1,
1656 909 1712 945 n.
1747 891 1826 961 5.)

192 992 463 1046 Pnorosrno
496 989 578 1043 11³.
609 1022 679 1030 —
719 989 879 1062 Reyes
923 991 1190 1044 christiani
1229 990 1445 1043 subsunt
1480 989 1744 1060 spirituali
1774 989 1995 1044 Romani

118 1088 383 1157 pontificis
420 1089 672 1157 refimini,
710 1088 863 1140 etiam
901 1085 1072 1156 quoad
1108 1087 1262 1154 reqioe
1288 1103 1392 1139 suae
1419 1089 1698 1156 potestatis
1727 1104 1893 1141 usum.
1924 1119 1992 1127 —

116 1184 249 1238 Nam
279 1183 407 1238 huic
433 1181 693 1254 regimini
722 1181 958 1235 subsunt
984 1181 1174 1234 fideles
1203 1186 1366 1251 atque
1393 1180 1614 1252 ipsimet
1640 1199 1796 1253 reges
1818 1183 1994 1252 quoad

117 1299 289 1337 omnes
333 1289 478 1335 actus
516 1279 717 1352 quibus
747 1279 855 1333 vita
890 1283 1090 1333 aeterna
1136 1277 1288 1350 perdi
1329 1278 1412 1332 vel
1457 1279 1763 1351 comparari
1797 1285 1991 1351 potest.

119 1401 145 1431 «
166 1380 315 1435 Unus
344 1383 526 1433 autem
555 1395 615 1432 ex
643 1377 728 1431 his
755 1376 970 1432 actibus
997 1377 1054 1430 in
1081 1376 1380 1431 christiano
1420 1376 1691 1449 principe,
1725 1382 1808 1432 est
1845 1377 1997 1432 debi-

116 1481 204 1532 tus
235 1494 366 1531 usus
394 1474 676 1547 potestatis
701 1473 1091 1546 gubernativae.
1120 1472 1252 1526 Nam
1280 1473 1325 1526 si
1354 1472 1446 1527 illa
1476 1491 1585 1528 non
1609 1474 1757 1543 juste
1784 1479 1993 1540 utatur,

117 1572 589 1629 condemnabitur.
623 1573 756 1642 Ergo
786 1572 853 1626 ad
881 1577 1155 1644 pastorem
1197 1570 1540 1643 spiritualem
1579 1570 1700 1626 talis
1736 1572 1999 1645 principis

119 1671 353 1746 pertinet
383 1669 613 1724 facultas
657 1668 930 1737 dirigendi
962 1668 1121 1723 illum
1151 1667 1208 1722 in
1250 1687 1357 1722 usu
1395 1686 1507 1723 suae
1548 1669 1866 1741 temporalis
1900 1689 1996 1743 po-

119 1767 348 1823 testatis.
375 1789 400 1818 »
434 1766 670 1834 (SuareZ,
705 1755 946 1837 Defensio
974 1765 1094 1835 fidei
1121 1769 1310 1819 contra
1338 1765 1561 1836 Anglos,
1600 1765 1635 1819 l.
1680 1765 1765 1836 ΙΙΙ,
1798 1783 1845 1820 c.
1880 1786 1996 1833 xxn,

118 1881 173 1918 n.
222 1864 300 1933 5.)
330 1894 396 1902 —
430 1863 578 1917 Idem
620 1862 915 1916 dicendum
957 1861 1024 1915 ob
1061 1860 1329 1915 subditos,
1369 1860 1502 1914 Nam
1539 1860 1584 1915 si
1617 1879 1711 1916 rex
1755 1862 1998 1934 «iniqua

118 1960 411 2034 praecipiat,
461 1961 544 2015 vel
582 1960 704 2031 plus
739 1977 903 2031 quarn
934 1957 1153 2031 expedit
1190 1958 1466 2030 pei-mittat
1498 1958 1733 2021 subditis
1773 1959 1997 2015 illicitos

121 2076 252 2114 usus
277 2058 666 2132 temporalium
693 2058 976 2113 actionum
1004 2057 1085 2111 vel
1128 2057 1423 2124 bonorum,
1454 2057 1511 2110 in
1548 2075 1808 2130 magnum
1838 2058 1997 2131 spiri-

121 2158 267 2212 tuale
301 2156 690 2212 detrimentum
732 2155 1082 2210 subditorum
1125 2155 1298 2209 cedet.
1346 2155 1446 2209 Sed
1486 2155 1730 2209 Pontifex
1780 2162 1999 2211 tenetur

126 2255 320 2311 habere
342 2273 528 2311 curam
550 2254 894 2328 spiritualem
918 2253 1089 2308 totius
1114 2252 1300 2326 populi
1329 2253 1613 2308 christiani
1638 2254 1841 2309 subditi
1866 2260 2000 2310 tem-

122 2354 403 2426 poralibus
439 2354 679 2425 regibus.
726 2353 864 2425 Ergo
899 2351 955 2406 in
1000 2353 1101 2407 hoc
1136 2369 1366 2406 munere
1411 2351 1718 2407 includitur
1761 2358 2000 2426 potestas

123 2451 397 2506 avertendi
437 2469 466 2505 a
493 2451 791 2506 christiano
831 2451 1032 2524 populo
1075 2450 1259 2504 omnia
1291 2450 1599 2522 spiritualia
1629 2450 1998 2522 incommoda,

125 2567 245 2621 quae
271 2567 334 2603 ex
369 2548 542 2603 abusu
572 2548 850 2620 potestatis
877 2547 1192 2620 temporalis
1230 2547 1283 2601 in
1332 2548 1489 2602 illum
1528 2556 1758 2620 possunt
1796 2550 1999 2605 redun-

96 2646 267 2700 dare.
305 2646 440 2718 Ergo
468 2648 569 2701 hoc
609 2646 773 2701 etiam
796 2646 957 2700 titulo
986 2663 1207 2701 necesse
1230 2651 1312 2700 est
1340 2652 1400 2700 ut
1427 2653 1668 2718 potestas
1697 2648 2004 2721 spiritualis

119 2741 386 2813 principis
425 2744 491 2797 ad
529 2743 846 2816 temporalia
880 2743 1148 2798 indirecte
1185 2744 1531 2812 extendatur3
1571 2745 1876 2817 dirigendo,
1914 2747 2006 2802 ubi

39 2852 41 2855 ⁴
119 2832 444 2909 oportuerit,
482 2844 803 2909 potestatem
841 2840 1223 2910 temporalem,
1263 2845 1323 2893 ut
1359 2841 1430 2893 ita
1469 2842 1786 2911 temporalia
1826 2843 2007 2916 dispo-

119 2942 232 2995 nat,
259 2934 408 3006 quod
428 2935 812 3006 spiritualibus
834 2954 942 2991 non
968 2942 1264 2990 noceant.»
1295 2937 1538 3006 (Suarez,
1561 2938 1670 2994 loco
1699 2942 1809 3004 cit„
1840 2959 1895 2995 n.
1923 2942 2005 3013 6.)

119 3034 447 3105 —lnsupe1·,
481 3042 763 3102 «utraque
791 3040 1027 3107 potestas
1059 3036 1380 3107 temporalis
1410 3042 1462 3091 et
1486 3038 1812 3109 spiritualis,
1844 3048 2003 3114 prout

119 3127 176 3183 in
213 3130 449 3185 Ecclesia
484 3131 744 3197 existunt,
787 3131 860 3186 ita
900 3132 1137 3187 conferri
1178 3139 1228 3187 et
1266 3134 1530 3206 possideri
1570 3136 1905 3207 debuerunt,
1944 3145 2003 3192 ut

121 3230 400 3283 communi
427 3228 570 3284 hono
597 3237 648 3285 et
676 3231 1143 3286 salutifehristiani
1171 3233 1360 3305 populi
1400 3234 1703 3306 proficiant.
1737 3237 1874 3308 Ergo
1908 3254 2000 3290 ne·

122 3324 425 3378 cessarium
455 3331 618 3380 estut
642 3327 725 3381 hae
763 3334 1053 3400 potestates
1100 3329 1343 3402 aliquem
1372 3331 1622 3387 ordinem
1651 3333 1794 3387 inter
1821 3350 1877 3386 se
1906 3333 1998 3385 ob-

123 3425 358 3474 servent.
386 3420 529 3475 Alias
569 3439 675 3476 non
720 3432 900 3495 posset
943 3444 1046 3498 pax
1084 3429 1136 3482 et
1172 3428 1356 3483 unitas
1402 3429 1458 3482 in
1488 3429 1724 3484 Ecclesia
1770 3428 1994 3483 servari.

126 3511 256 3566 Nam
295 3532 435 3586 saepe
463 3519 781 3588 temporalia
818 3523 1105 3578 commoda
1137 3531 1447 3597 repugnant
1489 3525 1894 3597 spiritualibuS.
1936 3525 1998 3580 Et

130 3607 272 3672 iden,
308 3609 393 3664 vel
422 3610 527 3665 erit
566 3612 770 3670 bellum
803 3617 1014 3688 justum
1043 3618 1192 3675 inter
1220 3626 1513 3692 utramque
1542 3626 1885 3692 potestatem,
1914 3624 1997 3677 vel
