2340 3990
860 279 989 327 PARS
1017 277 1237 333 Qumu.
1909 276 1994 324 151

123 391 443 462 irreliqiosus
470 391 748 462 imperator
775 387 877 445 Leo
899 387 964 443 de
984 387 1360 462 proscribendis
1384 393 1434 441 et
1458 384 1775 458 deponendis
1801 386 2002 440 sanctis

128 497 184 546 et
212 487 514 544 venerandis
546 484 1092 557 imayinibus‘primum
1117 491 1394 540 tractatum
1419 484 1603 539 habere
1630 483 1801 555 coepit.
1846 480 2001 537 Com-

136 594 284 659 perto
320 586 427 657 ejus
462 583 747 656 proposito,
782 582 1053 653 Greyoiius
1094 580 1244 658 Papa
1278 581 1477 650 Romae,
1515 582 1705 636 tributa
1742 579 1914 637 Italiae
1951 585 2003 633 et

142 685 314 740 Romae
351 682 563 737 inhibuit
601 679 723 751 (τοῦς
756 684 919 751 φόρους
957 684 1146 743 Ιταλίκς
1181 683 1260 734 καὶ
1303 686 1476 749 Ρωμης
1514 678 1773 751 ἐκωλὺσε),
1810 678 2006 750 scripta

138 783 285 853 prius
316 779 382 835 ad
418 779 580 853 ipsum
614 774 832 831 Leonem
877 774 1094 847 epistola
1135 775 1444 845 doymatica,
1488 794 1588 848 qua
1622 776 1861 831 monebat
1898 791 2006 829 non

142 883 376 949 oportere
391 890 555 944 reyem
573 873 704 928 circa
725 871 878 943 fidem
897 878 1144 936 statuere,
1168 889 1260 925 nec
1277 874 1490 943 antiqua
1510 873 1744 928 Ecclesiae
1767 872 2007 943 doymata

150 993 183 1029 a
210 974 398 1029 sanctis
412 971 644 1044 patribus
666 971 865 1024 sancita
887 969 1181 1024 innovando
1211 969 1513 1024 convellere.
1541 969 1738 1042 Pagina
1769 970 1899 1038 542,
1926 966 2009 1023 sic

138 1069 309 1146 pergit
339 1068 391 1126 S.
421 1067 806 1141 Theophanes:
836 1066 898 1121 In
924 1068 1136 1138 antiqua
1173 1074 1346 1122 autem
1380 1066 1540 1121 Roma
1566 1065 1862 1137 Greyorius‚
1898 1083 2007 1121 om-

142 1171 260 1223 nino
282 1173 486 1222 stmctus
510 1171 560 1219 et
591 1163 900 1236 apostolicus
923 1165 1021 1234 vir,
1042 1171 1093 1218 et
1123 1163 1287 1232 Petri,
1316 1166 1400 1235 qui
1437 1165 1722 1234 corypheus
1755 1172 1853 1232 est,
1888 1182 2008 1219 con-

128 1282 299 1320 sessor
325 1264 422 1335 (καὶ
438 1270 611 1334 [lapsu
635 1285 713 1317 του
731 1284 974 1334 κερυςαιου
998 1262 1286 1334 συνθρονος),
1308 1263 1456 1316 verbo
1483 1269 1532 1315 et
1561 1279 1713 1332 opere
1738 1261 1965 1315 elucebat
1989 1282 2005 1313 .·

138 1365 182 1418 is
208 1364 488 1418 substraxit
521 1369 569 1415 et
598 1360 814 1416 Romam
852 1367 901 1415 et
925 1359 1131 1415 Italiam
1158 1368 1207 1415 et
1238 1378 1435 1415 omnem
1467 1359 1787 1436 Occidentem
1821 1359 2008 1430 apoli-

139 1462 235 1514 tica
265 1468 312 1514 et
345 1459 678 1514 ecclesiastica
701 1460 1007 1531 subjectione
1028 1459 1227 1527 Leonis,
1265 1466 1315 1512 et
1353 1459 1416 1512 ab
1435 1460 1596 1529 ipsius
1628 1459 1863 1528 imperio.
1901 1454 2010 1529 (Ὁς

138 1578 362 1622 exest-033
393 1562 633 1624 Ρωμηντε,
666 1560 744 1612 καὶ
779 1562 985 1626 Ιταλιαν,
1021 1561 1100 1611 καὶ
1130 1579 1279 1612 παν-τα
1311 1580 1370 1611 τα
1401 1561 1591 1627 ἕσπερα
1622 1578 1706 1622 της
1737 1560 2005 1623 ‘realia-1:123,

140 1656 220 1707 καὶ
251 1658 624 1720 εκκλεσιαστικης
668 1659 876 1721 ὑπακοης
916 1661 1128 1722 monog,
1169 1659 1247 1710 καὶ
1285 1679 1368 1723 της
1418 1655 1495 1710 ὑπ’
1542 1678 1675 1710 auto-2
1720 1654 2004 1726 βασιλεικς.)

145 1747 381 1802 Tandem
408 1747 597 1819 pagina
619 1750 750 1815 545,
775 1750 853 1805 sic
873 1750 1065 1806 habet:
1096 1752 1370 1822 Greqorius
1391 1759 1559 1806 autem
1581 1759 1788 1806 sanctus
1809 1750 2008 1822 praesul

148 1840 343 1905 Roma,
374 1843 502 1896 sicut
530 1844 638 1914 jam
662 1843 788 1915 dixi,
817 1843 1147 1899 Anastasium
1177 1863 1281 1899 una
1311 1864 1423 1899 cum
1451 1846 1629 1900 libellis
1662 1846 1770 1915 ejus
1811 1846 2008 1916 abjudi-

144 1940 270 1992 cavi!
308 1942 647 2011 (απεκηρυξεν),
691 1959 802 1996 cnm
835 1943 946 2013 jam
983 1943 1326 2016 redarguisset
1368 1944 1586 1999 Leonem
1625 1962 1718 2015 per
1761 1944 2009 2014 epistolas

148 2039 390 2103 tanquam
414 2035 770 2107 irreliqiosum,-
800 2045 849 2092 et
879 2038 1092 2093 Romam
1133 2056 1244 2092 cum
1279 2041 1414 2092 omni
1452 2038 1607 2093 Italia
1633 2038 1695 2091 ab
1731 2039 1891 2108 ipsius
1918 2038 2009 2091 im·

131 2131 278 2200 perio
309 2131 589 2186 substraxit
616 2133 713 2203 (καὶ
743 2157 823 2202 την
847 2142 1015 2203 Ρωμην
1042 2159 1117 2190 ων
1145 2143 1267 2205 ‘zzz-{3
1297 2141 1460 2206 Ιταλιᾳ
1490 2159 1573 2204 ’.ης
1603 2140 1844 2202 §militm
1872 2157 2007 2190 αυτευ

139 2228 433 2298 απεστησεν).

218 2323 270 2378 2⁰
308 2324 665 2380 Testimonium
713 2326 946 2392 Gabeni,
979 2327 1223 2383 historici
1252 2327 1442 2394 Graeci,
1475 2328 1570 2401 qui
1598 2329 1820 2402 scripsit
1861 2347 2005 2384 anno

147 2419 365 2474 circiter
402 2421 565 2478 1125.
585 2455 659 2462 —
681 2423 840 2496 Coepit
873 2427 1058 2497 impius
1086 2426 1186 2481 Leo
1218 2427 1279 2480 de
1314 2427 1598 2480 evertendis
1633 2429 1792 2481 sacris
1832 2429 2007 2498 imaqi-

145 2517 291 2570 nibus
314 2535 592 2574 sermonem
623 2521 807 2591 facere.
839 2519 946 2586 Quo
992 2524 1189 2592 coqnito
1217 2523 1489 2594 Gregorius
1526 2523 1674 2595 Papa
1710 2524 1887 2578 Romae
1919 2525 2008 2577 tri-

148 2611 266 2666 buta
298 2612 462 2668 Italiae
499 2622 547 2669 et
578 2615 751 2671 Romae
780 2619 1056 2688 prohibuit.
1090 2617 1335 2691 (Cedreni
1372 2619 1728 2675 historiarum
1751 2636 2008 2691 compen-

146 2707 321 2779 dium,
361 2710 523 2766 editio
562 2713 729 2785 regia,
774 2714 995 2771 Parisiis
1030 2716 1195 2786 1647,
1236 2736 1289 2790 p.
1341 2717 1494 2790 455.)
1541 2718 1601 2773 In
1638 2720 1798 2772 veteri
1836 2725 2007 2772 antem

145 2804 308 2860 Roma
330 2806 596 2877 Greyorius
621 2812 926 2881 apostolicus
954 2815 1048 2880 vir,
1077 2821 1126 2867 et
1149 2813 1292 2868 Petri
1315 2814 1421 2887 (qui
1446 2814 1740 2886 Corypheus
1765 2815 1859 2884 est)
1887 2831 2007 2867 con-

143 2918 379 2957 sessor...
419 2902 634 2960 Sanctus
669 2907 756 2961 ille
783 2910 858 2963 vir
882 2927 913 2963 a
949 2909 1115 2964 Leo-ne
1148 2912 1205 2964 ob
1231 2911 1340 2982 ejus
1372 2913 1686 2983 impietatem
1720 2912 1926 2982 defecit,
1956 2918 2005 2964 et

157 3013 268 3051 cum
292 2996 507 3054 Francis
544 3003 641 3056 icto
671 3004 879 3075 soedere,
923 3006 1112 3060 tributa
1154 3007 1440 3078 denegavit,
1488 3015 1537 3062 et
1573 3008 1910 3062 Anastasium
1947 3024 2006 3061 ac

135 3094 301 3148 socios
324 3097 789 3155 anathematizavit.
819 3100 1187 3174 Imperatorem
1215 3113 1388 3160 autem
1411 3105 1590 3161 multis
1627 3105 1878 3176 epistoli3‚
1899 3122 2006 3175 quae

141 3202 180 3238 -a
202 3188 369 3243 multis
397 3191 537 3247 lectae
559 3203 700 3266 sunt,
728 3199 1003 3268 manifesto
1029 3200 1310 3271 redaryuit.
1353 3201 1537 3274 (lbid.,
1570 3220 1624 3274 p.
1658 3201 1811 3273 456.)

222 3282 275 3338 5⁰
303 3284 658 3346 Testimonium
682 3293 727 3348 Ζ
733 3311 928 3360 onarae,
951 3296 1197 3353 historici
1224 3299 1415 3364 Graeci,
1442 3300 1535 3372 qui
1573 3299 1709 3354 obiit
1729 3303 1854 3352 ante
1888 3313 2001 3349 mc-

150 3377 303 3433 dium
346 3386 605 3442 saeculum
646 3389 1055 3451 duodecimum.
1079 3397 1276 3453 —Hac
1315 3399 1378 3452 cle
1414 3417 1571 3452 causa
1606 3398 1879 3468 Greqorius
1916 3394 2001 3463 qui

147 3481 253 3527 tum
279 3475 454 3533 Romae
474 3486 655 3540 veteris
674 3488 930 3545 ecclesiam
951 3493 1283 3563 qubernabat,
1308 3496 1581 3566 repudiata
1602 3496 1844 3548 societate
1860 3506 1999 3560 prae·

138 3570 270 3625 siclis
298 3590 437 3628 novae
461 3575 649 3651 Romae,
676 3599 870 3640 necnon
892 3587 1098 3644 illorum
1121 3593 1205 3661 qui
1227 3609 1337 3646 eum
1364 3592 1723 3662 sequebantur,
1754 3586 1870 3640 illos
1894 3602 1998 3640 una
