2340 4062
300 317 360 363 64
968 303 1266 355 TRACTATUS
1298 302 1366 348 DE
1395 302 1542 350 PAPA.

298 420 552 487 tentiam,
573 437 682 494 qua
699 419 811 474 lata
841 416 962 489 ipse
993 412 1300 492 imperator
1322 410 1395 467 sit
1427 429 1459 467 a
1493 415 1765 486 potestate
1787 416 2024 490 pristina
2050 418 2218 495 depo-

2336 244 2340 251 (
2335 221 2340 231 Ἰ
2333 130 2340 144 .=
2323 0 2340 104 ,Βῆ-’.ξ

300 521 465 578 situs.
513 519 617 576 Sed
650 535 751 593 per
785 512 1038 571 accidens
1081 516 1284 586 potest,
1326 511 1461 586 quia
1503 517 1686 586 potest
1731 519 2221 576 excommunicare
2331 522 2340 531 ⁴

299 621 485 679 illum,
507 637 610 694 pro
650 613 890 673 crimine
927 616 984 668 et
1010 611 1262 686 singulos
1297 629 1427 668 cum
1457 630 1520 668 eo
1563 613 1995 689 participantes3
2039 622 2093 674 et
2129 618 2212 676 sic

301 716 559 774 inhibere
581 710 822 769 subditis
847 727 919 766 ne
945 709 1280 784 participent
1304 727 1436 765 cum
1470 709 1590 777 illo,
1621 719 1673 767 et
1691 730 1787 787 per
1815 712 1973 769 illam
1999 731 2219 772 excom-

304 814 744 874 municationem
773 811 904 868 illos
929 828 1127 885 cogere
1158 810 1228 867 ad
1256 810 1663 885 depositionem
1688 812 2066 888 imperatoris.
2095 816 2224 873 Ideo

304 911 440 968 dicit
476 926 589 964 non
637 913 853 983 spectat
896 908 965 964 ad
994 909 1198 983 Papam
1241 910 1648 967 sententialiter
1684 911 1963 986 deponere
2007 911 2223 988 ipsum,

303 1012 438 1068 licet
477 1014 689 1085 spectet
736 1009 1146 1066 sententialiter
1180 1010 1692 1082 excommunicare,
1745 1017 1799 1068 et
1846 1012 2087 1070 finaliter
2126 1032 2227 1089 per

303 1129 603 1168 censuram
643 1109 1238 1166 excommunicationis
1280 1127 1481 1182 cogere
1514 1115 1577 1166 ut
1616 1110 1780 1166 illum
1823 1112 2131 1188 deponant3
2171 1120 2227 1171 et

304 1211 384 1268 sic
428 1211 497 1266 de
537 1226 636 1284 per
676 1207 934 1265 accidens
981 1208 1206 1282 deponit
1248 1208 1625 1280 solummodo,
1671 1215 1725 1267 et
1771 1229 1883 1267 non
1925 1211 2157 1270 directe.
2194 1235 2223 1267 »

307 1309 575 1385 (Biblioth.
610 1310 842 1369 maxima
866 1311 1160 1381 pontificia,
1195 1313 1236 1364 t.
1268 1308 1331 1374 ll,
1366 1327 1421 1382 p.
1456 1308 1574 1382 15.)

378 1405 463 1461 III.
510 1406 740 1463 Ioannes
773 1404 959 1478 Major.
992 1438 1061 1446 —-
1098 1405 1148 1461 Is
1190 1405 1418 1479 quidem
1454 1406 1583 1480 plus
1625 1407 1840 1464 caeteris
1869 1409 1939 1465 ad
1976 1427 2227 1467 errorem

303 1505 549 1562 haeretici
576 1505 806 1561 Marsilii
833 1505 1084 1562 accessit.
1115 1507 1182 1562 At
1216 1506 1346 1562 licet
1388 1505 1645 1580 quaedam
1685 1509 1807 1582 ejus
1847 1509 2037 1577 verba,
2083 1529 2233 1568 seor-

300 1604 410 1660 sim
440 1609 687 1678 sumpta‚
722 1621 948 1659 omnem
982 1603 1219 1659 Romani
1246 1603 1529 1660 Pontiticis
1556 1611 1888 1679 potestatem
1923 1607 1982 1663 in
2018 1614 2229 1684 tempo-

301 1702 437 1759 ralia
463 1703 761 1759 excludere
777 1703 1093 1772 videantur,
1115 1702 1361 1758 admittit
1378 1708 1566 1759 tamen
1588 1704 1838 1778 aliquam
1863 1706 2219 1774 indirectam,

304 1808 471 1878 prout
497 1822 526 1859 6
557 1803 771 1859 collatis
797 1802 1040 1858 invicem
1067 1802 1309 1858 textibus
1340 1802 1506 1859 facile
1533 1804 1831 1876 colligitur.
1853 1806 2017 1861 Verbi
2045 1807 2226 1880 gratia

307 1921 567 1978 expresse
596 1903 797 1958 tribuit
822 1902 1070 1957 Romano
1102 1901 1355 1956 Pontifici
1382 1908 1714 1976 potestatem
1741 1903 2047 1978 abrogandi
2074 1905 2226 1979 leges

310 2000 505 2056 civiles
540 2017 665 2073 quae
696 2000 872 2055 fomes
902 1998 1113 2073 peccati
1139 1997 1324 2054 forent
1349 2020 1359 2052 :
1393 1999 1505 2054 «Et
1534 1991 1809 2074 quamvis,
1851 2001 1947 2068 ait,
1977 2002 2130 2076 leges
2158 2002 2232 2059 ci-

307 2100 444 2156 viles
472 2100 539 2156 de
564 2099 1084 2175 praescriptionibus
1105 2099 1261 2155 tollat
1288 2099 1497 2172 (Papa),
1530 2105 1589 2154 ut
1610 2105 1759 2173 patet
1783 2100 1842 2156 in
1868 2101 2047 2175 capite
2072 2102 2226 2158 finali

308 2200 375 2255 de
397 2198 945 2273 praescriptionibus,
979 2197 1065 2252 vel
1106 2196 1321 2268 aliquas
1348 2195 1505 2261 alias,
1548 2197 1649 2252 hoc
1675 2215 1789 2252 non
1826 2197 2009 2270 arguit
2045 2197 2227 2254 Ponti-

306 2298 469 2355 ficem
500 2298 703 2353 habere
730 2295 1047 2352 dominium
1081 2312 1252 2368 super
1286 2311 1465 2367 reges;
1506 2295 1603 2351 sed
1634 2295 1843 2351 idcirco
1880 2295 2032 2363 facit,
2078 2297 2227 2371 quod

306 2398 394 2454 lex
422 2398 517 2453 illa
555 2395 734 2452 nutrit
767 2399 1090 2469 peccatum;
1124 2400 1178 2449 et
1205 2399 1363 2449 actus
1390 2393 1487 2449 ille
1514 2412 1627 2449 non
1656 2399 1739 2451 cst
1773 2400 1932 2451 actus
1957 2394 2228 2469 jurisdic-

305 2495 477 2551 tionis
510 2494 714 2563 civilis‚
749 2493 847 2549 sed
881 2492 1317 2549 ecclesiasticus,
1349 2513 1375 2544 »
1420 2493 1509 2564 (In
1541 2499 1805 2567 quartum
1845 2493 2058 2550 librum
2099 2495 2229 2551 Sen-

305 2595 634 2663 tentiarum,
677 2592 809 2648 dist.
854 2590 1031 2657 XXIII,
1079 2609 1133 2664 q.
1178 2610 1249 2657 111,
1297 2590 1434 2646 folio
1480 2591 1587 2647 160
1632 2610 1814 2662 verse,
1858 2593 1967 2649 col.
2025 2594 2078 2660 1,
2121 2593 2227 2649 im-

306 2710 564 2770 pressore
587 2682 785 2747 Iodoco
811 2690 998 2757 Badio,
1031 2689 1230 2762 1516.)
1256 2690 1501 2746 Potestas
1521 2692 1828 2765 abrogandi
1849 2692 2002 2765 leges
2027 2693 2220 2759 civiles,

306 2794 365 2850 id
392 2798 498 2863 est,
535 2811 564 2847 a
599 2809 727 2864 rege
761 2791 849 2847 vel
886 2791 1226 2864 imperatore
1258 2790 1457 2855 editaS,
1490 2808 1550 2846 ex
1582 2809 1645 2847 ea
1673 2791 1888 2848 ratione
1916 2792 2065 2865 quod
2095 2792 2227 2849 reli-

306 2892 458 2968 gioni
496 2892 882 2958 adversentur,
933 2896 1019 2947 est
1066 2889 1351 2964 ipsissima
1393 2895 1636 2964 potestas
1686 2891 1959 2949 indirecta
2001 2893 2061 2948 in
2101 2909 2222 2948 rem

304 2990 675 3064 temporalem
695 2987 1215 3044 statuum—Paulo
1233 2992 1360 3043 ante
1380 2994 1683 3044 occurrunt
1699 2990 1816 3045 haec
1830 2989 2227 3062 JoannisMajo-

306 3090 385 3146 ris
401 3090 600 3146 verba:
636 3088 738 3144 «Si
767 3088 984 3144 dicatur
1010 3088 1159 3163 quod
1193 3088 1375 3163 (Papa)
1406 3089 1572 3145 habet
1589 3089 1907 3145 dominium
1929 3089 1991 3144 in
2013 3094 2225 3165 tempo-

307 3189 522 3246 ralibus
547 3188 924 3256 casualiter...,
953 3206 1065 3244 non
1084 3193 1230 3244 essct
1253 3193 1465 3245 remota
1487 3187 1677 3262 opinio
1702 3205 1732 3243 a
1755 3185 1915 3242 dictis
1937 3187 2164 3245 nostris,
2192 3211 2219 3242 »

309 3287 578 3352 Quisnam
602 3291 791 3343 autem
818 3304 1017 3343 sensus
1037 3286 1203 3359 istius
1225 3288 1534 3343 casualiter?
1559 3285 1713 3342 Idem
1739 3302 1872 3341 sane
1895 3303 1959 3342 ac
1985 3285 2032 3342 si
2060 3286 2226 3345 dixis-

311 3394 428 3445 set:
458 3387 520 3444 In
547 3405 672 3442 casu
708 3386 846 3458 quod
877 3387 933 3441 id
957 3388 1115 3458 exiqit
1143 3388 1395 3442 interesse
1420 3385 1707 3457 reliqioniS.
1739 3418 1810 3426 -—
1835 3385 1981 3442 Alibi
2018 3405 2224 3462 propu-

310 3491 440 3561 gnat
461 3486 627 3541 hasce
653 3484 1040 3541 conclusiones
1065 3507 1076 3538 :
1112 3483 1452 3540 «Christiani
1476 3483 1759 3558 Principes
1791 3490 2027 3558 possunt
2057 3503 2222 3559 quas-

310 3602 555 3660 cumque
583 3590 762 3641 terras
803 3601 945 3658 quas
985 3571 1282 3641 Sarraceni'
1309 3569 1500 3641 tenent
1534 3583 1620 3640 vel
1649 3584 1885 3656 gentiles
1927 3601 2217 3659 occupare,

310 3685 437 3741 dato
476 3682 624 3759 quod
662 3681 770 3758 ipsi
810 3680 1104 3756 (infideles)
1145 3683 1385 3740 habeant
1418 3682 1541 3738 illas
1582 3687 1762 3740 terras
1790 3700 1960 3759 per...
1998 3683 2218 3757 justum
