2340 3990
63 0 158 358 1
879 291 1010 339 mas
1040 290 1274 341 sumn.
1933 292 2028 341 w>

64 364 106 434 πῖ
129 391 350 472 potuit,
393 393 504 450 nisi
536 411 603 451 ex
640 393 1004 452 concessione
1044 393 1132 451 vel
1171 392 1367 451 saltem
1406 390 1692 450 tolerantia
1732 394 2026 466 potestatis

63 436 115 573 [ἔ
133 490 540 550 ecclesiasticae.
570 521 640 532 —
658 490 924 571 Praeterea
947 490 997 546 si
1027 491 1204 548 tribus
1227 490 1351 548 istis
1372 489 1662 566 guberniis
1689 495 2026 565 competeret

54 586 82 626 ’Ψ
139 591 247 646 tale
279 590 372 662 jus
401 606 466 644 ex
497 605 556 644 ea
599 586 814 643 ratione
853 585 1004 660 quod
1041 587 1150 644 sint
1183 587 1362 644 civilis
1389 592 1655 663 potestas,
1684 590 2026 661 competeret

54 718 58 725 ·
91 726 101 736 -
137 687 306 745 etiam
331 685 542 742 eaeteris
568 684 834 741 omnibus
868 683 1064 742 mundi
1091 686 1406 759 guberniis3
1437 686 1583 761 quod
1610 690 1695 743 est
1720 686 2020 751 absonum,

136 790 197 841 ut
221 787 385 858 patet.

211 882 492 936 Pnoposmo
515 880 598 934 112¹.
622 912 697 921 —-
716 881 995 936 Exclusiva
1017 901 1121 938 non
1158 891 1235 939 est
1252 885 1341 955 Jus
1368 889 1659 954 competens
1690 882 1850 937 tribus
1871 881 2025 936 dictis

136 979 423 1051 yuberni-i3‚
464 985 716 1049 quatenus
755 978 1132 1032 successoribus·
1174 977 1357 1049 populi
1388 969 1612 1031 Romani
1660 983 1711 1030 et
1746 977 2028 1048 imperato-

135 1091 271 1139 rum,
305 1076 389 1146 qni
429 1073 553 1128 olim
578 1091 704 1127 suas
726 1081 916 1144 partes
943 1074 1230 1127 habuerunt
1263 1073 1318 1125 in
1353 1071 1585 1141 eliqendo
1618 1070 1852 1125 Romano
1889 1070 2027 1126 Pon-

45 1191 51 1200 ·
137 1173 291 1241 tisice.
319 1204 386 1212 —-
415 1171 548 1226 Nam
587 1170 780 1242 primis
812 1169 1067 1224 Ecclesiae
1105 1167 1477 1241 temporibus,
1519 1167 1577 1222 id
1603 1173 1707 1236 est,
1739 1174 1863 1222 ante
1889 1167 2024 1224 Con-

135 1267 464 1332 stantinum,
487 1267 768 1321 Romanus
794 1266 1033 1339 populus
1061 1265 1244 1320 nullas
1264 1259 1448 1336 partes
1475 1261 1667 1317 hahuit
1688 1262 1746 1316 in
1772 1261 2022 1334 eligendo

133 1366 413 1421 Pontitice.
443 1365 709 1435 Equidem
737 1369 925 1437 postea
955 1362 1063 1417 fuit
1096 1362 1403 1422 admissus;
1452 1360 1547 1416 sed
1574 1359 1926 1415 solummodo
1954 1359 2020 1415 ad

136 1462 376 1518 dandum
421 1462 487 1516 de
516 1462 624 1517 vita
665 1467 717 1516 et
757 1460 1174 1516 conversatione
1203 1459 1363 1515 electi
1409 1458 1818 1514 testimonium.
1845 1460 2022 1530 Atque

133 1561 189 1616 id
211 1562 391 1633 ipsum
417 1579 527 1615 non
547 1560 652 1615 suit
667 1561 759 1633 jus
782 1560 848 1614 ab
873 1559 1249 1615 Ecclesiastica
1269 1559 1595 1615 auctoritate
1617 1557 2016 1631 independenS‚

134 1661 228 1715 sed
261 1677 412 1715 mera
438 1659 738 1724 concessi0‚
762 1676 883 1731 quae
901 1658 1109 1713 retrahi
1136 1663 1368 1731 poterat,
1390 1663 1445 1713 et
1470 1658 1536 1712 de
1552 1656 1697 1711 facto
1722 1655 2019 1727 aliquando

131 1763 376 1813 revocata
398 1757 523 1812 fuit.
552 1757 701 1826 (Vide
729 1775 913 1811 meum
933 1760 1228 1810 tractatum
1250 1755 1312 1810 cle
1332 1754 1488 1810 Curia
1512 1753 1770 1816 Romana,
1795 1758 1949 1826 parte
1968 1754 2011 1820 I,

130 1871 178 1909 c.
214 1856 289 1924 x).
323 1886 389 1894 —
416 1855 675 1909 Praeterca
706 1854 851 1909 dicta
878 1853 983 1908 tria
1026 1852 1296 1924 gubernia
1326 1869 1435 1906 non
1474 1856 1605 1906 sunt
1639 1849 1877 1924 populus
1914 1850 2017 1906 Ro-

133 1969 308 2006 manae
330 1951 606 2022 dioecesis,
632 1970 732 2007 nec
760 1952 879 2024 ejus
903 1951 1127 2025 juribus
1154 1967 1397 2022 unquam
1430 1953 1834 2004 successerunt.
1855 1947 2018 2002 —Ad

54 2095 57 2097 .
133 2048 491 2122 imperatores
516 2049 664 2121 quod
691 2050 907 2115 attinet,
941 2066 1060 2104 sese
1083 2048 1306 2122 quidem
1333 2066 1363 2101 a
1389 2047 1589 2102 saeculo
1618 2045 1814 2119 quinto
1839 2063 2017 2118 usque

131 2147 197 2202 ad
223 2148 581 2203 undecimum
616 2148 886 2220 eligendis
910 2147 1174 2204 Romanis
1212 2146 1567 2202 Pontificibus
1593 2144 1906 2219 plurimum
1933 2143 2018 2199 in-

125 2250 437 2316 gesserunt.
464 2245 530 2299 At
556 2245 638 2301 vel
678 2245 990 2318 illegitime,
1021 2245 1106 2301 vel
1145 2244 1371 2300 nonnisi
1401 2262 1465 2299 ex
1492 2243 1846 2299 concessione
1883 2241 2017 2298 cleri

106 2339 376 2406 Romani,
406 2342 470 2395 ad
497 2359 662 2414 quem
695 2341 911 2414 integra
930 2342 1123 2398 electio
1149 2341 1455 2415 pertinebat
1485 2341 1628 2414 (vide
1653 2341 1761 2396 Ioco
1796 2342 2004 2411 citato).

125 2434 407 2507 Ejusmodi
433 2442 617 2492 autem
640 2437 1021 2493 concessiones
1047 2457 1077 2494 a
1102 2437 1241 2494 Sede
1263 2436 1571 2511 Apostolica
1601 2436 1834 2491 sublatae
1861 2439 2014 2490 sunt.

126 2531 298 2604 Igitur
334 2533 439 2588 tria
486 2533 629 2588 dicta
674 2534 939 2607 gubernia
975 2554 1084 2590 non
1133 2541 1434 2609 potuerunt
1476 2540 1750 2609 praetenso
1789 2533 1870 2588 illi
1912 2533 2015 2588 im-

127 2636 443 2702 peratorum
464 2633 578 2704 juri
618 2634 937 2690 succedere.
966 2634 1252 2699 Praeterea,
1291 2652 1399 2690 cur
1432 2635 1539 2690 tria
1566 2635 1681 2689 haec
1720 2631 2007 2705 gubernia‚

129 2726 309 2799 potius
334 2746 501 2798 quam
532 2730 638 2784 alia
669 2731 1099 2788 successissent?
1335 2714 1341 2718 ¹

203 2824 482 2879 Pnoposmo
509 2825 613 2879 111³.
634 2859 703 2867 -—
721 2828 999 2883 Exclusiva
1024 2830 1293 2900 nequidem
1311 2837 1387 2883 est
1402 2829 1728 2900 privilegium
1750 2828 1900 2880 (lictis
1926 2842 2013 2895 911-

126 2922 314 2976 bernie's
351 2939 593 2993 eaepresse
633 2942 662 2977 a
702 2923 832 2979 Sede
857 2926 1155 2997 Apostolica
1193 2944 1507 2981 concessum.
1531 2922 1823 2979 —Nullibi
1858 2922 2006 2978 enim

128 3024 275 3074 extat
300 3020 572 3090 ejusmodi
599 3023 900 3078 concessio.
929 3023 1102 3087 Quam
1131 3030 1315 3080 tamen
1341 3024 1388 3078 si
1417 3024 1542 3096 quis
1567 3024 1847 3078 Romanus
1872 3022 2014 3076 Pon-

128 3115 254 3171 tifex
280 3117 542 3188 elargitus
571 3118 784 3185 fuisset‚
820 3139 939 3175 eam
970 3122 1252 3178 multoties
1294 3123 1392 3177 ista
1435 3120 1703 3194 gubernio
1740 3127 2004 3192 tanquam

128 3211 497 3282 praerogativae
524 3231 637 3268 suae
664 3215 1086 3272 fundamentum
1110 3219 1460 3291 allegassent.
1495 3219 1553 3272 In
1587 3234 1754 3291 opere
1782 3217 2014 3270 Diction-

128 3310 276 3361 vaire
312 3309 736 3383 encyclopddique
771 3315 913 3369 dela
957 3316 1225 3388 the'oloqie,
1263 3317 1430 3372 verbo
1456 3316 1757 3379 ΕωεΙιιεὶοη,
1800 3311 2001 3366 dicitur

131 3421 449 3476 expressam
491 3407 829 3465 mentionem
867 3411 932 3466 de
977 3413 1236 3468 exclusiva
1272 3413 1390 3469 fieri
1442 3431 1471 3467 a
1511 3410 1770 3483 Gregorio
1806 3407 1908 3474 XV,
1947 3405 2004 3460 iss

129 3499 280 3555 bulla
306 3501 507 3557 AEterni
538 3503 727 3572 Patris,
757 3509 782 3578 ἓ
806 3508 896 3573 18;
927 3509 1017 3564 sed
1051 3528 1299 3568 erronee.
1327 3511 1442 3566 Non
1468 3509 1616 3565 enirn
1640 3509 1685 3563 is
1710 3512 1792 3563 est
1813 3522 2010 3562 sensus

127 3597 346 3671 allegati
380 3602 735 3675 paragraphi.
987 3611 994 3659 l
