2352 4126
966 327 1096 375 PARS
1125 326 1322 380 QUARTA
1332 359 1343 371 .
2043 321 2101 367 47

220 452 365 510 gem,
387 440 442 491 et
470 433 659 490 retulit
685 430 1195 504 interpretationem
1225 429 1447 500 Glossae,
1477 426 1735 498 deposuit,
1757 425 1810 480 id
1832 434 1928 495 est,
1950 426 2106 498 depo-

218 533 457 588 nentibus
489 532 766 599 consensit,
794 527 866 582 ita
891 526 1115 582 subdit:
1146 526 1300 582 «Sed
1341 523 1823 599 qualitercumque
1865 521 2102 591 dicatur,

219 630 334 687 sive
354 635 416 686 ut
434 629 692 704 praedicta
710 628 1045 682 Francorum
1061 622 1509 691 narrathistoria,
1531 621 1641 678 sive
1664 625 1726 676 ut
1738 621 1883 676 Alius
1904 621 2104 693 (loqui-

219 735 311 785 tur
336 730 403 785 de
426 728 603 802 capite
624 726 790 794 Alina,
820 744 900 793 xv,
935 742 987 796 q.
1014 725 1076 791 v1)
1107 740 1275 796 supra
1307 721 1601 795 allegatus,
1623 720 1771 775 salva
1798 737 2020 793 semper
2047 719 2104 774 in

218 826 474 883 omnibus
497 823 742 891 veritate,
763 819 925 877 credo
943 817 1330 874 auctoritatem
1354 817 1508 891 Papae
1533 816 1591 871 in
1611 815 1817 871 talibus
1839 816 2104 872 omnibus

217 922 450 997 negotiis
479 916 853 996 praesupponi,
888 934 954 972 ex
984 932 1048 971 eo
1075 913 1226 987 quod
1251 913 1434 968 omnis
1463 918 1704 986 potestas
1725 930 1791 968 ex
1818 930 1882 968 eo
1911 912 1968 967 in
2001 913 2103 968 hoc
2142 924 2145 927 ·

216 1020 499 1096 dependet.
530 1040 557 1071 »
590 1017 687 1091 (De
718 1015 924 1072 Transl.
943 1014 1163 1086 imperii,
1198 1029 1320 1085 cap.
1354 1030 1423 1078 1v,
1454 1010 1511 1064 in
1538 1011 1860 1066 collectione
1893 1012 2103 1067 Monar-

216 1119 328 1174 chia
350 1116 406 1174 S.
431 1116 651 1172 Romani
670 1114 892 1186 imperii,
926 1116 967 1166 t.
998 1111 1064 1180 ΙΙ,
1098 1127 1221 1184 pag.
1242 1108 1336 1180 91,
1367 1106 1500 1163 edit.
1520 1107 1899 1163 Francofordii
1929 1109 2097 1165 1614.

213 1215 451 1271 liabetur
479 1211 762 1285 exemplar
785 1208 1012 1264 Parisiis
1031 1208 1091 1266 in
1114 1201 1449 1261 bibliotheca
1480 1203 1787 1276 Sorbonae.)

290 1333 317 1363 «
346 1311 622 1374 Quantum
656 1313 842 1364 autem
874 1306 1091 1363 roboris
1132 1303 1389 1360 habuerit
1420 1308 1514 1358 aut
1555 1301 1838 1357 firmitatis
1885 1302 2104 1378 (nempe

210 1408 491 1464 translatio
525 1407 743 1480 imperii
779 1407 846 1462 ab
866 1405 1086 1461 Oriente
1106 1403 1164 1458 in
1190 1401 1561 1474 Occidentem)
1621 1399 1819 1474 quidve
1847 1405 1980 1455 tunc
2007 1419 2105 1474 per

210 1507 511 1563 Romanam
537 1506 832 1561 Ecclesiam
859 1505 1064 1560 factum
1087 1502 1258 1559 suerit
1287 1501 1352 1557 de
1377 1500 1632 1575 imperiO,
1663 1505 1811 1574 patet
1842 1505 1896 1554 et
1921 1505 2104 1573 patere

211 1609 388 1676 potest
417 1603 673 1660 omnibus
710 1602 1009 1658 evidenter.
1054 1599 1313 1655 Praedicta
1352 1598 1505 1654 enim
1552 1598 1773 1671 imperii
1812 1597 2101 1653 translatio

213 1701 351 1757 facta
378 1719 473 1774 per
506 1701 809 1757 Ecclesiam
835 1701 902 1756 de
933 1699 1132 1755 Graecis
1168 1698 1226 1752 in
1256 1698 1511 1762 FraneOS‚
1546 1715 1612 1752 ex
1638 1696 1824 1752 causis
1854 1702 1906 1752 et
1935 1697 2100 1750 ratio-

215 1798 378 1853 nibus
408 1798 712 1866 antedictis,
751 1798 885 1852 adeo
917 1797 1093 1851 valida
1121 1801 1224 1863 est,
1256 1794 1402 1867 quod
1430 1813 1527 1867 per
1559 1800 1766 1867 septem
1794 1794 2099 1865 generatio—

215 1912 334 1963 neS,
363 1912 462 1967 per
481 1900 687 1967 septem
718 1894 927 1948 scilicet
964 1894 1325 1966 imperatores
1351 1893 1512 1947 annis
1542 1899 1764 1948 centum
1796 1892 1974 1948 tribus
2001 1893 2099 1947 du-

215 1992 370 2047 ravit.
396 2014 423 2043 »
455 1991 639 2063 (lbid.,
671 2010 719 2046 c,
753 2010 856 2059 vlu,
885 2007 1006 2063 pag.
1037 1990 1159 2057 94.)

286 2088 365 2142 VI.
409 2088 612 2143 Natalis
645 2088 857 2142 ΕΓυειιε.
890 2121 964 2127 -
989 2086 1320 2158 Cognomine
1348 2085 1522 2156 Erite,
1547 2092 1735 2159 utpote
1767 2087 2040 2142 oriundus
2071 2106 2099 2143 e

206 2182 490 2238 Britannia
518 2183 742 2237 minori.
774 2182 895 2237 Fuit
922 2183 1198 2254 generalis
1235 2182 1491 2256 superior
1515 2182 2022 2250 Dominicanorum‚
2048 2189 2101 2239 et

211 2281 346 2336 obiit
373 2281 636 2336 Narbonae
675 2299 818 2334 anno
860 2280 1025 2334 1525.
1060 2280 1146 2334 Sic
1167 2280 1332 2334 habet
1363 2280 1419 2333 in
1450 2297 1549 2334 suo
1571 2285 1806 2335 tractatu
1827 2283 1890 2336 de
1918 2282 2099 2336 Potes-

210 2387 314 2434 tate
349 2378 509 2451 Papae
541 2399 555 2429 :
597 2400 623 2429 «
650 2378 726 2431 Ad
768 2378 964 2450 Papam
1004 2376 1241 2450 pertinet
1277 2376 1558 2447 corrigere
1599 2395 1820 2433 omnem
1862 2379 2096 2433 abusum

208 2480 319 2530 tam
369 2475 652 2548 potestatis
698 2474 1083 2530 ecclesiasticae
1124 2491 1290 2546 quam
1334 2478 1587 2541 terrenae,
1641 2473 1698 2527 in
1746 2493 2096 2547 quocumque

208 2571 468 2629 existente
501 2573 567 2628 de
601 2573 802 2646 populo
846 2572 1164 2628 christiano,
1203 2593 1228 2623 »
1275 2571 1372 2644 (Ita
1401 2570 1630 2626 citatum
1674 2589 1703 2625 a
1738 2571 2093 2642 Bellarmino,

209 2675 248 2725 t.
276 2669 338 2738 V,
374 2690 427 2745 p.
456 2671 548 2736 27,
575 2671 704 2727 edit.
726 2671 966 2727 venetiis
996 2671 1190 2740 1721.)

279 2766 382 2822 vll.
420 2768 690 2822 Durandus
717 2786 749 2822 a
767 2767 956 2833 Sancto
975 2767 1250 2822 Porciam.
1272 2798 1341 2807 —
1365 2766 1741 2822 Universitatis
1767 2767 2092 2823 Parisiensis

206 2861 412 2932 doctor,
443 2865 765 2936 cognomine
789 2866 1209 2932 resolutissimus,
1243 2863 1422 2920 factus
1450 2865 1745 2937 Episcopus
1778 2866 2085 2921 Aniciensis

204 2975 346 3014 anno
379 2960 546 3030 1518,
581 2966 634 3016 et
658 2962 941 3018 Meldensis
971 2961 1311 3018 anno'1526.
1337 2962 1423 3017 Sic
1451 2962 1615 3018 habet
1646 2962 1701 3016 in
1725 2981 1825 3018 suo
1849 2968 2082 3019 tractatu

205 3055 266 3110 cle
286 3055 491 3127 Oriyine
508 3059 944 3130 jurisdictionum,
975 3057 1260 3131 questione
1286 3077 1337 3111 111
1365 3078 1375 3109 :

282 3175 308 3206 «
336 3153 471 3217 Quia
496 3160 726 3228 utraque
756 3161 1018 3228 potestaS,
1046 3155 1367 3229 temporalis
1390 3162 1442 3211 et
1467 3156 1776 3230 spiritualis
1795 3163 1876 3213 est
1899 3175 2082 3213 neces-

206 3248 368 3318 saria,
413 3249 532 3305 ideo
565 3256 861 3323 utramque
889 3255 1215 3323 potestatem
1252 3251 1484 3305 contulit
1526 3253 1812 3323 (Christus)
1854 3254 2078 3307 Petr0...

205 3344 296 3400 Isti
319 3352 447 3402 sunt
470 3348 582 3404 veri
608 3348 828 3403 termini
857 3347 1263 3420 jurisdictionis
1286 3349 1595 3421 spiritualis
1623 3355 1677 3406 et
1702 3349 2019 3424 temporalis
2050 3366 2079 3402 a

208 3436 519 3496 fundatione
544 3441 817 3511 Ecclesiae,
845 3460 983 3515 quos
1008 3441 1316 3514 transgredi
1347 3443 1603 3499 nonlicet
1631 3465 1641 3496 :
1671 3445 1798 3517 quia
1819 3440 2078 3516 jurisdic-

206 3533 283 3587 tio
307 3537 617 3608 temporalis
648 3539 1000 3616 nullomodo
1028 3557 1084 3594 se
1125 3539 1367 3594 extendit
1395 3540 1465 3595 ad
1497 3541 1830 3614 spiritualia,
1862 3539 1928 3592 de
1954 3537 2075 3610 qui-

205 3628 310 3685 bus
345 3630 483 3685 nihil
509 3634 688 3700 novit3
712 3635 1027 3707 jurisdictio
1050 3654 1178 3692 vero
1202 3636 1510 3710 spiritualis
1537 3656 1595 3694 se
1620 3634 1866 3694 extendit
1893 3634 2075 3705 primo
