2340 3990
899 334 1028 381 PARS
1060 333 1275 380 OCTAVA.
1946 333 2035 380 435

149 441 563 498 convenientem
581 440 923 513 diligentiam
944 440 1013 496 ad
1032 436 1390 512 detegendam
1408 437 1694 495 veritatem
1712 437 2033 496 adhibeant.

147 536 521 593 inordinatam
548 537 751 611 quippe
782 535 899 592 sore
925 535 1261 592 contrariam
1291 533 1488 607 agendi
1515 534 1785 591 rationem
1816 552 1882 591 ex
1915 535 2038 610 ipsa

149 633 267 705 lege
294 633 534 689 naturali
566 632 866 705 colligitur.
905 631 1079 705 Igitur
1118 630 1164 686 si
1206 647 1365 687 secus
1398 630 1622 696 faciant,
1666 637 1817 687 certo
1850 648 2039 706 pecca-

0 717 58 793 Ϊ
149 729 311 787 hunt.
348 730 414 784 At
449 746 803 803 nequaquam
847 728 1097 801 sequitur
1135 746 1246 783 non
1288 745 1450 801 posse
1491 726 1858 785 nihilominus
1903 734 2038 785 tunc

151 843 248 900 per
275 826 652 882 assistentiam
683 825 926 881 divinam
955 825 1253 899 provideri,
1287 830 1350 880 ut
1382 831 1522 881 recte
1549 824 1831 882 definiantg
1859 825 1863 835 '

228 924 283 979 5.
318 923 432 979 Nisi
471 924 688 980 dicatur
717 922 1029 979 inerrantiae
1054 923 1471 996 praerogativam
1508 941 1537 978 a
1564 924 1766 997 praevia
1799 924 2041 979 humana

155 1020 437 1093 diligentia
479 1038 590 1076 non
626 1021 886 1093 pendere,
925 1020 1127 1094 duplex
1166 1019 1540 1076 admittendus
1583 1020 1688 1076 erit
1717 1025 2044 1094 supernatu-

155 1117 288 1172 ralis
334 1117 677 1173 interventus
715 1137 725 1169 :
785 1117 839 1172 1⁰
893 1117 967 1172 Ne
1006 1117 1191 1171 Patres
1240 1116 1476 1188 diligens
1527 1135 1755 1172 examen
1797 1134 2041 1192 unquam

155 1214 432 1279 omittant;
460 1215 515 1269 2⁰
541 1231 610 1268 ne
634 1218 758 1286 post
779 1212 929 1267 istud
956 1228 1186 1267 examen
1217 1229 1447 1267 erronee
1475 1212 1758 1268 definiant.
1788 1214 1847 1267 In
1875 1214 2044 1269 altera

156 1328 280 1367 vero
322 1309 611 1378 sententia,
644 1308 846 1364 unicus
879 1309 1168 1364 dumtaxat
1204 1311 1646 1381 supernaturalis
1674 1311 2039 1375 interventus;

156 1407 408 1463 videlieet
448 1424 517 1462 ne
553 1407 736 1461 Patres
775 1406 1016 1471 concilii,
1056 1406 1140 1460 vel
1179 1407 1340 1478 Papa,
1387 1407 1501 1463 sive
1535 1407 1772 1480 diligens
1815 1425 2046 1464 examen

158 1505 546 1580 praemiserint,
589 1504 702 1559 sive
734 1503 1044 1573 omiserint,
1076 1521 1361 1559 erroneam
1398 1504 1651 1560 emittant
1687 1505 1810 1560 fidei
1855 1505 2045 1559 delini-

160 1603 391 1658 tionem.
1819 1587 1822 1589 ’

233 1700 510 1754 Pnorosmo
542 1699 624 1753 V³.
650 1728 717 1739 -—
742 1699 860 1754 Sive
895 1700 1322 1770 praerequiratur‚
1368 1701 1475 1753 sive
1508 1717 1634 1760 non,
1680 1699 1899 1769 diliyens
1931 1716 2050 1754 exa-

159 1815 297 1864 men,
325 1814 586 1868 nunquam
619 1798 908 1868 continqere
932 1803 1103 1867 potest
1132 1802 1185 1849 ut
1225 1812 1287 1850 ex
1315 1795 1516 1866 defectu
1552 1797 1701 1865 hujus
1732 1796 2042 1849 conditionis

159 1910 375 1948 erronea
417 1894 486 1946 sit
523 1893 755 1962 definitio
795 1892 937 1962 fidei.
969 1923 1038 1932 —
1072 1892 1206 1945 Nam
1251 1891 1297 1945 si
1340 1891 1791 1964 praerequiratur‚
1832 1908 2050 1964 semper

159 1989 354 2054 aderit,
387 2007 486 2044 nec
514 1988 833 2060 contingere
859 2006 1109 2060 unquam
1137 1992 1316 2061 potest
1357 1993 1416 2042 ut
1441 1988 1749 2053 omittatur,
1783 2005 1848 2042 ex
1881 1988 2045 2044 dictis

160 2085 535 2158 propositione
552 2086 635 2139 11³.
657 2085 710 2140 Si
732 2103 853 2140 vero
880 2103 991 2140 non
1016 2085 1351 2158 requiratur,
1381 2086 1448 2140 ad
1469 2103 1691 2141 sensum
1718 2086 2049 2159 propositio-

154 2183 243 2238 nis
285 2189 524 2255 quartae,
559 2183 678 2254 ejus
715 2182 943 2238 omissio
973 2182 1387 2237 infallibilitatis
1417 2183 1784 2256 praerogativae
1828 2184 2046 2239 obstare

159 2297 270 2335 non
303 2281 524 2353 poterit.
1759 2273 1773 2286 ’

233 2377 390 2431 Nora,
416 2377 575 2432 —De
596 2380 848 2450 requisita
874 2379 1128 2442 libertate,
1157 2385 1211 2432 ut
1235 2378 1463 2448 definitio
1479 2379 1599 2448 fidei
1626 2380 1694 2431 sit
1725 2377 2040 2449 infallibilis.

162 2472 460 2528 Remissive.
484 2506 552 2514 —
571 2473 639 2527 De
666 2473 760 2528 illa
783 2475 1078 2546 quaestione
1100 2473 1215 2545 jam
1250 2478 1434 2528 aetum
1462 2478 1544 2528 est
1569 2491 1737 2546 supra
1770 2474 1942 2547 (parte
1979 2473 2049 2540 11,

162 2577 295 2626 sect.
330 2592 381 2640 v,
414 2590 531 2644 cap.
561 2591 614 2639 11,
653 2573 678 2642 ἓ
706 2573 762 2642 2,
790 2589 948 2645 prop.
980 2571 1106 2642 ΙΨ).

909 2865 1153 2924 CAPUT
1195 2855 1300 2924 ἸΙΙ

314 3031 397 3064 ιιι]
420 3028 812 3065 camna-Ans
836 3029 1157 3064 murmanus
1181 3030 1479 3066 cosumus
1509 3033 1900 3069 mount-:mous

900 3088 1281 3135 (annussn'ss
1299 3088 1316 3135 )

241 3245 295 3299 Si
317 3245 611 3316 aliqualem
640 3246 921 3301 dumtaxat
944 3247 1012 3301 de
1039 3246 1333 3303 celebratis
1357 3248 1473 3320 jam
1500 3249 1750 3304 conciliis
1773 3249 2050 3304 notionem

165 3342 270 3398 sibi
309 3343 481 3396 lector
531 3359 852 3414 comparare
903 3344 1117 3416 cupiat,
1169 3328 1326 3400 adeat
1368 3347 1699 3418 theologiam
1742 3346 2054 3402 Wircebur—

166 3439 419 3511 gensium
446 3439 527 3509 (de
558 3439 835 3510 Principiis
867 3429 1189 3510 'theologici-3,
1234 3442 1437 3517 disput.
1473 3444 1537 3510 ll,
1576 3462 1697 3517 cap.
1742 3462 1792 3507 11,
1835 3448 1941 3497 art.
1994 3444 2046 3507 1,

167 3553 379 3607 quaeres
421 3537 497 3601 2⁰,
539 3543 685 3591 tomo
715 3535 755 3603 Ι,
795 3553 918 3608 pag.
966 3536 1096 3608 162,
1137 3538 1393 3608 Parisiis,
1431 3540 1621 3610 1852).
1656 3540 1707 3595 Si
1739 3539 2045 3613 pleniorem

169 3638 219 3687 et
246 3619 467 3689 relative
497 3631 565 3687 ad
602 3633 925 3706 polemicam
958 3651 1086 3690 cum
1123 3636 1378 3706 gallicani
1405 3638 1715 3711 systematis
1743 3655 2048 3712 propugna-
