2352 4126
203 380 275 423 2„
982 351 1292 413 ‘PRoOEissun

210 503 594 564 contrarium
638 497 966 570 accideret,
1011 512 1152 553 vera
1196 490 1511 554 fidesnon
1558 491 1863 554 resideret
1897 494 2019 556 nisi
2053 494 2120 554 in
2204 566 2220 580 Β

204 609 414 689 capite
445 634 458 683 3
497 626 568 668 ac
591 603 847 687 proinde
874 599 1164 682 periisset
1187 597 1452 661 Ecclesia
1485 624 1497 674 3
1538 619 1677 683 quae
1714 600 1878 661 sicut
1901 601 2124 682 nequit

206 734 337 777 esse
367 722 624 775 truncus
661 711 793 770 sine
821 707 1044 787 capite,
1082 706 1167 766 ita
1201 725 1315 768 nec
1352 726 1487 769 esse
1515 715 1722 789 potest
1754 714 1941 788 caput
1989 708 2122 768 sine

204 839 479 902 corpore.
513 817 704 897 Igitur
736 815 852 875 hoc
890 813 1022 895 ipso
1049 814 1215 894 quod
1245 814 1405 896 Papa
1446 816 1930 896 propositionem
1974 813 2121 874 defi-

198 927 353 998 niat,
377 927 505 1004 jam
526 942 558 983 a
576 921 770 1002 priori
799 928 1038 982 certum
1066 929 1182 1001 est,
1208 921 1370 983 hanc
1389 940 1546 995 esse,
1572 930 1632 982 et
1650 940 1895 1003 semper
1924 921 2122 985 fuisse

201 1040 259 1092 et
304 1049 547 1110 semper
580 1029 855 1090 futuram
897 1029 1243 1090 multorum
1297 1027 1738 1110 Episcoporum
1782 1029 1990 1091 fidem.
2045 1030 2120 1092 At

199 1137 334 1199 fieri
369 1144 592 1219 potest,
624 1143 694 1196 ut
731 1135 807 1197 de
838 1136 954 1196 hac
987 1135 1107 1197 fide
1133 1135 1479 1196 multorum
1507 1134 1947 1217 Episcoporum
1981 1138 2120 1198 uni-

198 1245 426 1326 cuique
458 1242 748 1324 Episcopo
777 1242 873 1303 vel
904 1242 1250 1324 unicuique
1275 1241 1444 1303 fideli
1470 1230 1826 1329 nullatenus
1853 1252 2116 1307 constet.

198 1350 270 1410 Et
302 1350 752 1423 nihilominus,
815 1357 1103 1410 tenentur
1141 1368 1354 1410 omnes
1407 1357 1467 1409 et
1517 1349 1751 1429 singuli
1789 1348 2124 1412 Pontificiae

207 1455 553 1517 definitioni
580 1456 789 1516 statim
818 1463 878 1516 et
904 1475 974 1516 ex
1002 1457 1209 1517 animo
1238 1456 1552 1517 adhaerere
1577 1482 1589 1532 3
1634 1456 1946 1537 siquidem
1982 1456 2128 1518 defin

203 1562 470 1623 nitionis
504 1561 920 1623 infallibilitas
948 1564 1075 1643 jam
1113 1564 1370 1624 omnino
1404 1572 1572 1624 certa
1604 1573 1716 1639 est,
1759 1583 1867 1644 per
1890 1565 2007 1625 hoc
2033 1583 2128 1624 so-

192 1666 337 1728 lum
366 1668 533 1749 quod
568 1668 725 1750 Papa
759 1670 837 1730 sit
868 1669 1222 1730 infallibilis
1248 1678 1555 1751 quatenus
1584 1688 1617 1729 a
1645 1670 1885 1751 reliquo
1918 1670 2120 1732 Eccle-

196 1775 304 1835 siae
349 1794 602 1856 corpore
647 1775 999 1852 distinctus,
1054 1794 1164 1835 seu
1211 1795 1281 1836 ex
1325 1795 1396 1837 eo
1437 1776 1604 1857 quod
1655 1776 1769 1856 ipsi
1814 1784 2127 1857 competat

199 1881 618 1943 infallibilitas
669 1882 733 1942 in
777 1901 965 1963 supra
1009 1882 1170 1943 dicto
1216 1902 1402 1944 sensu
1449 1885 1796 1963 personalis
1837 1892 1897 1944 et
1947 1902 2122 1964 sepa-

198 1997 349 2050 rata.

195 2205 220 2266 ᾗ
247 2206 293 2252 2.
323 2233 381 2239 —-
412 2207 649 2253 Adnotatio
682 2207 739 2253 de
772 2207 1047 2266 quibusdam
1068 2207 1179 2252 tomi
1205 2207 1395 2253 secundi
1422 2207 1582 2260 verbis,
1611 2206 1809 2253 Jesuitas
1844 2207 1994 2254 Galliae
2016 2223 2117 2256 res-

255 2283 558 2341 picientibus3
583 2297 764 2329 necnon
787 2284 843 2328 de
865 2283 1162 2329 commodatis
1188 2283 1303 2327 mihi
1328 2283 1614 2329 documentis
1639 2298 1663 2328 3
1686 2284 1942 2331 clarissimo
1964 2285 2116 2332 Carolo

257 2359 407 2405 Gerin.

282 2506 340 2570 1.
394 2505 534 2570 Quae
560 2526 710 2568 ame
737 2507 898 2568 dicta
927 2517 1072 2569 sunt
1091 2508 1276 2590 (tomo
1301 2508 1372 2583 ΙΙ,
1399 2529 1456 2589 p.
1494 2507 1743 2591 77-108)
1769 2511 1842 2572 de
1867 2513 2116 2575 Jesuitis

195 2613 430 2687 Galliae,
461 2614 656 2675 nolim
690 2613 875 2675 aliter
904 2614 1215 2694 intelligat
1247 2615 1440 2689 lector
1459 2637 1644 2697 quam
1683 2620 1810 2699 ipse
1838 2620 2115 2682 scribens

196 2720 496 2781 intellexi.
526 2719 676 2790 Quia
700 2739 842 2781 vero
870 2721 1186 2795 nonnulli,
1224 2731 1410 2802 prout
1438 2723 1512 2783 ad
1535 2744 1634 2785 nie
1663 2726 1969 2805 perlatum
1998 2737 2112 2801 est,

195 2828 260 2888 in
303 2828 474 2890 hisce
503 2829 742 2909 paginis
776 2828 985 2888 minus
1013 2827 1384 2890 benevolum
1422 2830 1538 2890 sibi
1572 2831 1780 2893 videre
1813 2815 1926 2894 visi
1971 2843 2119 2896 sunt

197 2954 452 3015 scopum
480 2935 684 3018 (quem
718 2943 928 2996 tamen
961 2934 1056 2995 vel
1094 2936 1223 3016 ipse
1250 2938 1619 3018 paragraphi
1662 2940 1879 3001 titulus
1912 2941 2116 3020 palam

198 3041 523 3121 excludit),
566 3060 850 3121 expresse
873 3041 1322 3104 declarandum
1351 3044 1520 3122 duxi,
1566 3065 1666 3107 me
1693 3048 1757 3108 id
1794 3048 1994 3109 solum
2023 3050 2116 3109 in-

195 3147 498 3228 tendisse,
533 3157 604 3209 ut
633 3167 665 3208 a
693 3149 985 3209 societate
1028 3147 1197 3230 Jesu‚
1232 3149 1306 3211 de
1343 3152 1486 3212 sede
1525 3153 1869 3233 Apostolica
1900 3153 2114 3215 Roma-

196 3254 426 3337 nisque
467 3255 870 3317 Pontificibus
921 3264 1049 3317 tam
1102 3258 1399 3338 praeclare
1437 3278 1508 3320 ac
1546 3268 1897 3321 constanter
1928 3260 2114 3323 hene-

197 3363 440 3439 merita‚
488 3363 789 3443 injuriam
822 3363 1218 3444 repellerem,
1259 3385 1380 3447 qua
1406 3366 1690 3446 lugendae
1726 3368 1960 3448 aliquot
2009 3367 2111 3430 de-

198 3486 500 3548 generum
528 3469 662 3550 ejus
688 3469 1118 3531 membrorum
1138 3472 1550 3534 aberrationis
1580 3474 1842 3554 ipsamet
1869 3494 1972 3536 rea
2000 3484 2113 3537 tra-

197 3573 549 3638 duceretur.
595 3575 715 3637 Nec
754 3583 886 3636 erat
926 3595 1038 3636 cur
1073 3576 1427 3639 distinctius
1454 3578 1868 3659 exprimerem
1897 3580 1983 3641 ibi
2010 3581 2109 3661 agi

202 3678 270 3743 de
304 3679 650 3763 quibusdam
681 3679 1065 3757 solummod0‚
1123 3684 1386 3746 minime
1421 3704 1562 3747 vero
1594 3685 1672 3747 de
1709 3687 2001 3749 omnibus
2025 3688 2113 3749 Je-
