2340 3990
237 311 324 360 206
904 306 1202 357 TRACTATUS
1236 308 1303 355 DE
1334 309 1479 356 PAPA.

235 425 426 479 tamen
456 420 729 497 Sylvester
756 416 1087 474 electionem
1118 417 1359 493 primam
1379 419 1537 494 juxta
1577 419 1922 479 sanctionem
1951 423 2150 482 factam

236 518 579 595 approbavit.
613 538 638 569 »
673 515 850 590 (Apud
877 513 1166 589 Bellarm.,
1193 515 1313 574 loco
1340 534 1512 592 supra
1539 517 1749 591 citat0.)

314 617 408 675 11⁰
449 615 842 673 Centuriatores
885 613 1377 688 MaqdeburqenseS.
1410 649 1481 658 -
1508 615 1807 690 Gregorius
1855 634 2018 674 suam
2061 636 2158 693 pa-

233 717 399 774 triam
422 713 634 788 insigni
660 713 846 788 aliqua
871 713 1140 788 dignitate
1166 719 1489 783 ornaturuS,
1520 715 1707 773 sanxit
1727 721 1791 774 ut
1812 735 1984 793 penes
2009 718 2156 775 solos

234 816 537 872 Germanos
572 813 665 887 jus
689 818 837 871 esset
874 812 1118 888 eligendi
1152 832 1366 888 regem,
1399 814 1495 887 qui
1538 819 1667 890 post
1701 815 1959 874 diadema
1992 835 2022 872 a
2056 817 2158 874 Ro-

232 933 398 971 mano
424 913 683 990 pontifice
706 920 1016 989 acceptum,
1043 915 1346 991 imperator
1373 922 1428 973 et
1450 916 1737 991 Augustus
1757 917 2154 993 appellaretur.

234 1016 487 1090 (Centur.
519 1014 612 1085 10,
642 1016 861 1090 cap.x.)

309 1116 404 1174 12⁰
427 1115 694 1173 Judioium
737 1117 1006 1190 utriusque
1040 1116 1191 1190 Payzi
1228 1125 1278 1173 et
1305 1117 1514 1177 Natalis
1559 1118 1871 1176 Alexandri.
1893 1151 1960 1159 ——
1982 1138 2010 1171 «
2037 1119 2161 1175 Cer-

232 1222 357 1273 tum
405 1223 593 1273 tamen
641 1234 768 1273 esse
811 1215 971 1273 debet
998 1215 1092 1290 jus
1135 1217 1376 1291 eligendi
1417 1218 1783 1294 imperatores
1827 1237 1857 1274 a
1898 1217 2162 1274 Romanis

233 1314 591 1388 pontificibus
619 1314 843 1389 imperii
870 1313 1290 1370 institutoribus
1326 1332 1639 1372 emanasse.
1665 1337 1692 1369 »
1725 1314 1952 1391 (Pagius
1979 1314 2165 1371 senior

234 1413 293 1470 in
324 1414 504 1471 critic.
530 1414 780 1484 Baronii,
806 1413 874 1469 ad
911 1432 1123 1469 annum
1154 1414 1313 1487 996.)

312 1536 340 1568 «
364 1515 587 1570 Certum
614 1519 802 1571 tamen
830 1519 935 1585 est,
958 1520 1073 1571 tam
1096 1521 1225 1570 ante
1251 1531 1420 1586 quam
1443 1520 1565 1590 post
1594 1514 1981 1590 septenarium
2007 1514 2171 1571 illum

236 1631 542 1670 numerum
570 1615 878 1670 electorum
920 1613 978 1668 in
1016 1632 1186 1670 usum
1211 1619 1488 1684 vocatum,
1536 1614 1823 1690 pontifices
1862 1615 2169 1686 Romanos,
2274 1627 2275 1630 ’
2337 1666 2340 1675 .

233 1732 263 1769 a
311 1713 517 1786 quibus
568 1718 896 1770 renovatum
950 1721 1033 1770 est
1082 1714 1385 1789 imperium
1446 1714 1804 1782 occidentale,
1849 1714 1943 1790 jus
2002 1732 2168 1770 suurn

234 1813 474 1871 illaesum
524 1833 907 1884 conservasse,
972 1820 1025 1870 et
1078 1815 1378 1872 electiones
1441 1820 1538 1871 aut
1596 1815 1944 1891 reprobasse,
2002 1820 2158 1871 etc...

235 1914 459 1970 Certum
479 1914 693 1990 pariter
720 1921 825 1985 est,
848 1915 943 1989 jus
971 1915 1215 1989 eligendi
1243 1916 1610 1991 imperatores
1638 1934 1667 1971 a
1686 1915 1955 1972 Romanis
1979 1914 2160 1989 ponti-

236 2014 437 2071 ficibus
460 2033 774 2072 emanasse.
798 2038 824 2068 »
856 2015 1077 2089 (pagius
1095 2015 1310 2090 junior,
1338 2015 1396 2071 in
1424 2017 1580 2072 Brev.
1601 2015 1761 2071 Rom.
1784 2014 2008 2090 pontifi,
2029 2019 2068 2069 t.
2095 2013 2158 2084 ΙΙ,

236 2113 295 2168 in
309 2113 428 2169 Vita
457 2113 704 2188 Gregorii
731 2114 791 2183 V,
823 2132 880 2169 n.
907 2113 939 2169 9
967 2119 1021 2170 et
1050 2114 1168 2186 10.)
1193 2136 1219 2167 «
1249 2114 1368 2170 Non
1397 2114 1715 2188 negandum
1742 2119 1951 2181 tamen,
1976 2111 2163 2187 inquit

235 2214 440 2270 Natalis
465 2216 792 2284 Alexander,
818 2215 956 2289 quin
979 2215 1073 2289 jus
1097 2215 1339 2289 eligendi
1367 2216 1767 2289 imperatorem
1793 2233 1822 2270 a
1853 2214 1981 2271 sede
2006 2231 2161 2288 apos-

236 2315 401 2372 tolica
424 2317 807 2388 quodammodo
842 2315 1199 2372 emanaverit.
1225 2339 1248 2368 »
1277 2315 1557 2389 (Saeculo9
1586 2322 1639 2372 et
1665 2315 1757 2382 10,
1789 2315 2013 2370 dissert.
2034 2312 2155 2385 17.)

236 2415 468 2472 Notetur
508 2415 661 2472 istud
701 2415 1106 2489 quodammode,
1155 2431 1185 2470 a
1217 2414 1397 2470 Natali
1444 2415 1757 2472 Alexandro
1796 2413 2064 2488 positum,
2097 2415 2161 2467 ut

238 2513 503 2571 Gallicani
539 2514 853 2589 systematis
880 2513 1215 2588 sequacibus
1244 2513 1521 2587 effugium
1544 2514 1771 2588 aliquod
1795 2513 2157 2588 relinqueret.

316 2613 492 2687 Igitur
533 2618 802 2687 potestate
843 2612 1085 2669 (llavium
1127 2631 1227 2669 seu
1276 2613 1458 2688 papali
1505 2614 1832 2670 auctoritate
1875 2613 2162 2669 institutos

242 2712 418 2768 fuisse
447 2712 669 2787 imperii
696 2711 986 2785 electores,
1016 2712 1124 2768 fuit
1153 2712 1441 2768 unanimis
1468 2713 1758 2788 persuasio
1785 2713 2166 2768 Romanorum

243 2812 595 2888 pontificum,
655 2813 1084 2887 imperatorum,
1132 2813 1573 2888 electorumque,
1629 2831 1851 2870 necnon
1910 2810 2167 2869 omnium

243 2912 576 2986 generaliter
623 2912 989 2987 scriptorum3
1043 2919 1096 2969 et
1147 2913 1470 2969 habendum
1523 2921 1604 2971 est
1646 2919 1915 2988 tanquam
1962 2913 2167 2970 factum

242 3010 639 3067 certissimum.
674 3012 921 3068 Pontifex
958 3020 1143 3070 autem
1178 3012 1274 3087 qui
1322 3013 1400 3069 sic
1445 3015 1711 3070 electores
1752 3012 2018 3079 instituit,
2066 3013 2167 3068 hoc

245 3108 364 3185 ipso
403 3110 510 3166 sibi
548 3116 881 3186 potestatem
922 3113 1170 3187 aliquam
1207 3113 1504 3170 vindicavit
1547 3113 1605 3169 in
1642 3131 1764 3170 rem
1795 3113 2164 3187 temporalem

246 3210 590 3285 principum,
622 3218 682 3268 ut
707 3218 875 3285 patet.
