2340 3990
308 327 397 376 254
981 328 1280 377 TRACTATUS
1310 331 1377 378 DE
1408 333 1556 381 ΡΑΡΑ.

306 443 490 507 torem,
528 441 826 516 deponere.
877 435 1036 503 Quod
1079 437 1204 507 fuse
1253 439 1554 514 probatum
1610 440 1736 499 vide
1778 442 1926 516 apud
1971 443 2220 504 Bianchi.

310 541 513 616 (Traite'
534 544 598 599 de
630 542 680 596 la
707 542 990 614 puissance
1027 539 1236 611 coclea„
1265 541 1585 599 traduction
1626 542 1851 610 Peltier,
1881 542 1978 600 liv.
2004 543 2089 615 IV,
2115 548 2142 618 ἓ
2167 548 2223 619 4,

305 647 348 699 t.
374 644 438 714 II,
468 662 524 717 p.
552 641 750 708 58-68,
781 640 932 698 Paris
968 640 1161 707 1857.)
1194 641 1468 700 Caeterum
1503 661 1568 700 ex
1595 661 1658 700 eo
1687 643 1837 717 quod
1871 643 1965 716 jus
2000 643 2228 719 aliquod
2328 620 2329 623 Ἴ

305 759 540 800 romano
573 740 823 817 pontifici
867 745 1146 816 competat
1170 740 1333 816 eique
1372 742 1675 800 indubium
1703 741 1797 812 sit,
1826 760 1942 798 non
1973 743 2228 816 sequitur

305 861 437 900 eum
480 841 799 898 necessario
839 841 969 915 jure
1011 840 1119 898 isto
1158 841 1267 912 uti,
1314 842 1483 898 etiam
1537 843 1666 899 data
1718 841 2131 917 opportunitate
2176 849 2230 902 et
2332 859 2340 870 ¹

304 938 476 1016 quam
526 940 772 997 maxima
814 939 1079 999 utilitate.
1117 940 1300 997 Potest
1339 940 1615 1016 siquidem
1654 941 1937 997 Romanus
1980 940 2228 1016 pontifex

304 1059 515 1113 errare,
544 1041 660 1098 imo
688 1046 743 1098 et
775 1058 1029 1116 peccare,
1059 1040 1275 1115 aliquid
1314 1039 1626 1098 omittendo
1666 1041 1815 1115 quod
1846 1040 1974 1115 jure
2018 1046 2227 1116 posset,

301 1142 389 1200 vel
417 1141 585 1199 etiam
613 1160 680 1198 ex
709 1139 1051 1198 conscientia
1080 1147 1369 1198 teneretur
1392 1159 1679 1218 peragere.
1722 1141 1921 1198 Futilis
1944 1147 1997 1198 et
2020 1141 2230 1198 absona
2298 1126 2318 1218 J

300 1263 534 1321 prorsus
557 1245 673 1302 haec
694 1243 967 1301 Bossuetii
996 1243 1254 1318 objectio.
1286 1243 1422 1316 Huic
1444 1244 1653 1319 quippe
1674 1243 1967 1319 aequivalet
1990 1267 2000 1299 :
2026 1243 2082 1299 Si
2103 1243 2230 1299 Pius

295 1347 434 1422 Papa
464 1346 530 1401 IX
553 1347 650 1420 jus
673 1345 780 1402 sibi
806 1345 1086 1402 tribueret
1116 1343 1409 1419 episcopos
1436 1343 1776 1419 deponendi,
1795 1344 1912 1418 jam
1939 1342 2228 1418 deposuis-

297 1451 381 1503 set
406 1447 575 1503 talem
608 1445 795 1502 Galliae
832 1445 1177 1514 Antistitem,
1210 1463 1380 1518 quem
1415 1444 1670 1519 apprime
1699 1444 1853 1502 novit
1885 1444 2231 1519 depositione

298 1544 533 1618 dignum
559 1565 569 1597 :
598 1562 711 1599 non
753 1543 1040 1619 deposuit3
1078 1562 1210 1618 ergo
1240 1543 1567 1599 nullatenus
1610 1561 1772 1599 suam
1799 1560 1921 1599 esse
1953 1559 2231 1616 praeroga-

296 1645 468 1703 tivam
495 1645 800 1715 existimat,
832 1645 1125 1720 episcopos
1152 1645 1221 1700 ob
1249 1649 1401 1700 certa
1427 1642 1669 1700 crimina
1711 1643 2013 1717 deponere.
2045 1641 2233 1699 Posse-

297 1765 425 1804 mus
455 1765 558 1803 nos
597 1746 801 1820 potiori
843 1747 971 1819 jure
1015 1746 1095 1802 sic
1136 1763 1405 1819 arguere:
1432 1743 1666 1801 Romani
1693 1742 1983 1820 pontifices
2022 1742 2232 1818 populo

297 1847 926 1921 Constantinopolitano,
955 1854 1261 1921 sanctoque
1284 1847 1513 1922 praesuli
1551 1844 1893 1916 Macedonio,
1934 1842 2231 1900 Vitaliano-

294 1967 358 2007 ve
384 1948 513 2005 duci
536 1949 864 2005 nullatenus
892 1947 1116 2005 crimini
1147 1953 1462 2018 verterunt,
1484 1946 1633 2022 quod
1658 1944 2018 2002 Anastasium
2036 1949 2230 2019 utpote

295 2047 589 2122 religionis
634 2048 924 2105 catholicae
968 2065 1282 2105 eversorem
1338 2047 1661 2122 abjicerent.
1719 2045 1777 2100 Id
1819 2062 1987 2119 porro
2037 2043 2118 2099 eis
2160 2042 2228 2099 ab
2316 2067 2338 2109 ,ν

290 2148 596 2224 apostolica
647 2149 776 2205 sede
820 2148 1141 2224 exprobrari
1173 2153 1228 2205 et
1270 2148 1546 2222 injustum
1570 2145 1846 2202 declarari
1872 2148 2228 2219 procurasset

290 2249 638 2321 AnastasiuS,
669 2249 716 2305 si
744 2268 855 2324 qua
886 2249 935 2306 ei
965 2267 1091 2324 spes
1122 2248 1414 2306 obtinendi
1452 2246 1783 2303 affulsisset.
1828 2245 1970 2319 Ergo
2007 2244 2222 2301 licitam
2316 2236 2340 2310 ‚sjf

205 2330 214 2342 ⁵
291 2350 635 2407 existimavit
662 2350 823 2407 sedes
863 2349 1170 2423 apostolica
1209 2348 1416 2404 dictam
1445 2346 1644 2421 agendi
1688 2346 1986 2414 rationem,
2020 2345 2077 2400 id
2117 2351 2222 2412 est,

294 2451 714 2525 imperatorem,
740 2468 808 2507 ex
834 2468 1002 2507 causa
1043 2451 1340 2518 haereseos,
1369 2448 1423 2505 vi
1450 2447 1722 2523 expellere
1749 2465 1811 2502 ac
1845 2447 2049 2503 throno
2089 2445 2226 2520 deji-
2334 2455 2335 2459 ’

300 2568 449 2617 cere;
482 2549 633 2624 quod
666 2568 799 2606 sane
833 2549 1195 2606 Bossuetiano
1226 2547 1514 2625 systemati
1537 2549 1652 2602 n'on
1675 2545 1932 2621 quadrat.
2323 2606 2334 2627 ι,

380 2650 544 2708 Nota.
568 2684 637 2692 -
668 2650 766 2706 Hic
820 2650 1148 2707 adducenda
1202 2649 1348 2705 foret
1399 2649 1452 2705 S.
1496 2646 1746 2721 Gregorii
1799 2644 1979 2719 Magni
2024 2644 2224 2719 agendi

305 2749 465 2807 rati0.
496 2749 599 2806 Sed
626 2749 690 2805 de
714 2768 774 2806 ea
796 2750 912 2824 jam
938 2750 1187 2806 diximus
1215 2752 1376 2825 (sect.
1403 2747 1489 2818 ΙΙΙ,
1517 2766 1567 2803 c.
1588 2747 1670 2820 11).
2316 2735 2317 2739 ¹

375 2849 661 2904 Pnoposmo
689 2849 715 2903 7
723 2857 759 2903 ³.
787 2882 857 2892 -
886 2848 1084 2905 Saeculo
1127 2847 1227 2904 VII
1263 2853 1542 2903 occurrunt
1569 2847 1716 2919 facta
1750 2843 2022 2902 Gallicano
2061 2849 2225 2917 syste-

298 2952 429 3006 mati
460 2950 820 3005 adversantia.
847 2949 1217 3005 —Renuerat
1260 2948 1482 3020 Sergius
1524 2964 1664 3022 papa
1712 2943 1992 3023 synodum
2034 2962 2228 3019 appro-

298 3049 432 3105 bare
459 3067 583 3122 quae
605 3050 915 3118 Qutniseoeta
945 3067 1044 3106 seu
1076 3049 1133 3104 in
1167 3049 1209 3104 T
1207 3049 1344 3105 rullo
1374 3048 1483 3104 dici
1527 3047 1696 3116 solet;
1730 3064 1794 3103 eo
1833 3044 1983 3119 quod
2027 3061 2227 3118 nempe

299 3168 402 3206 nec
433 3168 533 3223 per
571 3168 629 3206 se
670 3169 773 3206 nec
815 3169 915 3225 per
961 3151 1174 3224 legatos
1219 3168 1351 3206 suos
1390 3148 1523 3205 huic
1563 3146 1800 3204 concilio
1850 3144 2222 3202 interfuisset.
2330 3207 2331 3210 Ἴ

299 3249 474 3315 Quam
501 3255 691 3306 tamen
716 3250 1174 3325 approbationem
1197 3255 1261 3306 ut
1285 3267 1386 3323 per
1407 3248 1521 3305 vim
1544 3251 1895 3321 extorqueret
1923 3245 2226 3319 imperator
2310 3243 2327 3282 >⁴³

300 3348 656 3406 Justinianus
696 3349 760 3415 II,
813 3349 959 3407 circa
1021 3369 1235 3407 annum
1279 3349 1391 3406 690
1440 3347 1561 3423 rapi
1597 3346 1767 3421 jussit
1810 3345 2132 3420 pontificem
2174 3350 2224 3400 et

303 3447 841 3523 Constantinopolim
883 3448 1104 3506 deduci.
1146 3447 1467 3506 Jussionem
1502 3446 1702 3521 exequi
1739 3444 1974 3503 tentavit
2008 3443 2224 3501 militiae

306 3549 628 3623 praefectus,
675 3548 904 3605 nomine
950 3549 1261 3605 Zacharias.
1306 3549 1403 3606 Ast
1436 3548 1711 3604 Ravennae
1751 3550 1805 3603 et
1846 3544 2222 3620 adjacentium

307 3647 728 3726 provinciarum
768 3647 979 3705 milites
1025 3648 1387 3722 obstiterunt,
1415 3652 1470 3706 et
1511 3645 1830 3704 Zachariam
1870 3644 2012 3702 urbe
2051 3644 2222 3701 Roma

310 3748 668 3823 expulerunt.
697 3747 855 3805 Bedae
879 3746 1050 3805 verba
1076 3746 1134 3804 id
1157 3747 1455 3804 referentia
1482 3746 1562 3803 sic
1589 3745 1793 3803 Gallice
1829 3743 2016 3802 citavit
2047 3739 2223 3800 cardi·
2315 3759 2318 3788 :
