2352 4126
261 361 321 406 44
931 318 1228 405 Tflicrirus
1257 355 1321 402 nr
1353 354 1505 403 PAPA.

267 467 565 526 hominum
599 468 931 543 (secundum
962 464 1105 522 illud
1130 464 1335 540 psalmi
1358 485 1369 519 ε
1392 464 1606 522 Coelum
1632 466 1760 522 coeli
1788 467 2037 536 Domino,
2066 476 2176 525 ter-

272 585 393 623 ram
422 563 610 626 autem
640 567 792 624 dedit
826 565 958 622 filiis
986 563 1332 639 hominum),
1367 571 1596 641 propter
1626 567 1732 622 hoc
1766 566 2067 624 dicendum
2092 573 2177 626 est

269 667 420 741 quod
457 666 558 723 filii
582 667 878 723 hominum
914 664 1027 720 sint
1055 665 1295 739 majores
1329 665 1436 722 Deo
1460 667 1520 722 in
1547 667 1806 736 terreniS,
1839 672 1894 724 et
1926 667 2069 725 Deus
2104 669 2177 725 sit

264 766 447 840 major
484 764 712 821 homine
747 764 806 819 in
831 764 1169 821 coelestibus,
1209 765 1362 831 Quod
1396 766 1548 823 enim
1583 767 1915 843 simpliciter
1945 766 2171 836 dicitur,

264 863 385 919 sine
419 861 797 917 additamento
824 860 1048 918 dicitur.
1077 862 1139 916 Et
1174 861 1299 919 ideo
1326 862 1472 919 sicut
1495 863 1637 921 Deus
1662 865 1928 921 Dominus
1952 865 2176 922 univer-

261 979 454 1017 sorum
481 965 536 1017 et
565 961 966 1036 temporalium
1003 967 1056 1018 et
1083 962 1466 1037 spiritualium
1494 970 1770 1038 quantum
1804 966 1871 1022 ad
1895 965 2179 1022 universa-

263 1060 376 1115 lem
411 1059 890 1133 jurisdictionem,
927 1060 1007 1117 sic
1038 1061 1198 1136 Papa,
1229 1061 1475 1119 vicarius
1508 1063 1654 1137 ejus,
1691 1063 1749 1119 in
1790 1063 2177 1139 spiritualibus

263 1163 318 1214 et
355 1159 763 1235 temporalibus
801 1167 885 1219 est
924 1162 1105 1236 major
1137 1180 1495 1236 quocumque
1525 1163 1633 1219 alio
1658 1182 1788 1237 rege
1820 1164 1908 1220 vel
1937 1164 2176 1239 impera-

258 1262 399 1314 tore.
419 1259 590 1316 —Ad
617 1260 870 1335 primum
908 1280 1039 1335 ergo
1067 1266 1150 1318 est
1178 1262 1482 1319 dicendum
1514 1264 1665 1337 quod
1695 1263 1835 1338 Papa
1864 1281 1977 1319 non
2014 1263 2178 1320 debet

258 1374 536 1434 usurpare
556 1359 942 1417 immediatam
966 1361 1353 1417 executionem
1372 1362 1458 1417 vel
1476 1361 2021 1418 administrationem
2040 1366 2178 1417 tem-

257 1460 562 1535 poralium,
605 1480 676 1518 ne
701 1467 929 1537 propter
952 1462 1121 1518 talem
1151 1462 1537 1519 executionem
1564 1461 1814 1536 implicet
1849 1480 1907 1518 se
1940 1460 2178 1535 negotiis

255 1556 650 1616 saecularibus
701 1559 856 1617 Sicut
894 1579 997 1617 nec
1028 1559 1335 1635 imperator
1373 1559 1757 1616 immediatam
1794 1559 2177 1616 executionem

263 1658 647 1733 spiritualium
691 1659 855 1716 debet
897 1659 1124 1715 habere.
1172 1660 1325 1714 Tunc
1351 1659 1504 1715 enim
1553 1659 1649 1714 illa
1676 1659 1872 1714 abusio
1911 1658 2176 1731 oriretur,

265 1758 417 1832 quod
444 1758 687 1815 carnalis
714 1760 883 1815 homo
914 1758 972 1813 in
1008 1758 1177 1814 rebus
1208 1758 1414 1813 divinis
1448 1758 1757 1832 praesidere
1778 1758 2085 1827 videretur,
2125 1761 2181 1812 et

267 1857 581 1931 spiritualis
622 1858 791 1913 homo
843 1857 1166 1913 carnalibus
1212 1856 1619 1930 implicaretur.
1673 1856 1777 1912 Sed
1824 1874 1890 1911 ex
1925 1855 2028 1910 hoc
2065 1873 2179 1910 non

265 1956 618 2012 subtrahitur
662 1956 980 2012 dominium
1018 1955 1417 2030 temporalium
1458 1955 1566 2029 ipsi
1601 1955 1778 2029 Papae,
1816 1955 1953 2028 quin
1991 1955 2049 2010 in
2085 1954 2180 2011 de-

259 2056 409 2113 lictis
434 2062 488 2114 et
518 2057 800 2113 violentiis
826 2076 938 2112 non
973 2056 1152 2131 possit
1188 2056 1554 2131 imperatores
1590 2061 1645 2112 et
1679 2074 1835 2129 reges
1873 2055 2176 2128 corrigere,

266 2162 322 2213 et
355 2174 450 2213 eos
494 2156 740 2212 dominio
774 2157 1175 2231 temporalium
1217 2156 1459 2230 privare,
1505 2156 1552 2211 si
1592 2155 1878 2228 contingat
1918 2174 2010 2211 eos
2058 2155 2178 2212 fore

262 2255 552 2312 facere.—
570 2255 647 2311 Ad
672 2256 986 2312 secundum
1014 2260 1097 2311 est
1119 2254 1440 2320 dicendum,
1467 2253 1614 2326 quod
1628 2254 2018 2326 juramentum
2044 2253 2179 2310 fide-

268 2354 444 2411 litatis
484 2353 553 2409 ab
579 2353 868 2428 Episcopis
894 2371 1006 2408 non
1032 2352 1195 2408 debet
1233 2350 1487 2425 praestari
1516 2350 1766 2425 regibUS,
1806 2352 1956 2424 quod
1991 2351 2059 2406 ab
2095 2350 2176 2408 eis

258 2456 654 2525 recognoscant
687 2451 1086 2526 temporalium
1119 2450 1502 2506 immediatam
1535 2450 2011 2524 jurisdictionem.
2050 2450 2179 2507 Tale

268 2550 419 2607 enim
457 2551 846 2624 juramentum
889 2549 1072 2605 solum
1119 2550 1499 2624 praestandum
1537 2555 1622 2605 est
1652 2550 1830 2623 Papae,
1875 2549 1972 2624 qui
2009 2566 2179 2624 super

270 2648 602 2724 temporalia
627 2654 682 2705 et
707 2649 1022 2724 spiritualia
1051 2648 1378 2722 hujusmodi
1408 2648 1861 2722 jurisdictionem
1887 2648 2176 2705 universa-

263 2751 376 2807 lem
408 2749 577 2806 habet
602 2749 660 2804 in
685 2754 800 2805 toto
830 2749 984 2806 orbe.
1010 2749 1112 2805 Sed
1138 2748 1280 2805 bene
1305 2754 1485 2824 potest
1508 2749 1589 2806 eis
1615 2749 1866 2825 praestari
1886 2750 2178 2824 juramen·

263 2853 387 2904 tum
416 2853 481 2903 ut
508 2846 578 2903 ab
605 2846 688 2903 eis
712 2852 1112 2920 recognoscant
1136 2847 1522 2903 immediatam
1557 2847 1959 2922 temporalium
1986 2865 2180 2904 execu-

264 2947 479 3003 tionem
503 2946 590 3002 vel
615 2945 1180 3014 administrationem,
1203 2946 1491 3021 potissime
1514 2946 1573 3002 in
1591 2946 1760 3003 terris
1787 2953 1841 3003 et
1867 2945 2054 3020 regnis
2078 2944 2178 3001 ubi

257 3046 503 3104 Ecclesia
529 3045 914 3102 immediatam
946 3046 1492 3103 administrationem
1518 3045 1918 3121 temporalium
1945 3063 2058 3100 non
2082 3043 2180 3100 ha-

272 3145 585 3203 het.-—Ad
630 3144 861 3201 tertium
899 3149 984 3200 est
1022 3145 1325 3201 dicendum
1366 3143 1512 3219 quod
1547 3143 1878 3200 Ambrosius
1919 3140 2182 3215 intelligit

267 3244 597 3320 temporalia
625 3261 750 3301 esse
773 3243 1179 3318 imperatorum
1216 3249 1492 3318 quantum
1518 3243 1587 3299 ad
1613 3261 1782 3299 usum
1817 3246 1871 3298 et
1908 3240 2185 3297 executio-

267 3366 419 3415 nem,
453 3365 566 3403 non
603 3349 878 3420 quantum
919 3345 989 3400 ad
1022 3346 1395 3402 universalem
1442 3344 1883 3401 dominationem
1911 3347 1965 3400 et
2002 3347 2182 3398 trans·

270 3444 660 3502 mutationem.
698 3443 792 3500 Dei
821 3443 973 3500 enim
1005 3443 1180 3500 solius
1218 3449 1272 3501 et
1311 3444 1509 3502 Vicarii
1547 3444 1677 3500 Jesu
1707 3442 1912 3498 Christi
1950 3445 2034 3499 est
2069 3440 2180 3497 tale

269 3544 604 3612 dominium;
644 3543 776 3619 quia
816 3543 885 3599 ad
919 3561 1046 3598 eum
1085 3549 1297 3618 spectat
1343 3544 1674 3621 temporalia
1717 3549 1770 3599 et
1810 3561 1979 3618 regna
2015 3547 2179 3598 terrae

267 3649 645 3701 transmutare
679 3647 735 3698 et
765 3641 1045 3698 ordinare.
1071 3661 1099 3693 »

348 3742 663 3807 Quaestione
681 3761 793 3798 xm
814 3741 971 3816 Papae
988 3739 1083 3814 jus
1100 3739 1164 3797 ad
1173 3741 1368 3798 scribit
1392 3742 1592 3800 Beatus
1607 3740 1951 3816 Augustinus
1963 3738 2178 3795 Trium·
