2340 3990
866 295 927 341 ΡΑ
934 294 996 342 RS
1026 293 1240 341 OCTAVA.
1911 294 2006 343 3⁷5

111 467 113 469 ,
202 402 402 460 Tertius
437 419 585 458 casus
609 406 712 470 est,
741 399 787 456 si
811 399 953 474 Papa
984 399 1123 455 foret
1154 397 1464 455 haereticuS.
1491 398 1683 472 Agitur
1710 399 1779 456 de
1808 397 2004 455 haeresi

122 517 290 574 quam
319 497 669 572 profiteretur
690 495 952 566 Pontifex,
979 514 1091 551 non
1119 501 1383 569 tanquam
1402 494 1542 568 Papa
1568 513 1667 552 seu
1695 493 2005 551 definiendo

122 614 188 656 ex
227 595 498 665 cathedra,
535 611 674 651 *cum
718 592 799 649 sic
835 609 1023 648 errare
1062 598 1320 665 nequeat,
1360 592 1454 649 sed
1483 597 1757 667 tanquam
1787 591 2004 665 ›privata

73 669 88 685 ’
113 711 376 771 persona.
414 693 486 747 'Et
529 692 586 748 in
615 694 726 748 -hoc
754 691 923 748 etiam
965 708 1096 748 casu
1139 691 1384 765 legitime
1410 691 1734 765 congregari
1771 708 1934 765 posse
1959 707 2003 746 'a

122 787 664 858 Cardinalibu8‚.aut,
692 787 739 843 si
760 793 1024 851 renuant,
1053 786 1120 841 ab
1150 785 1428 860 Episcopis
1449 792 1642 860 sponte
1667 784 1998 843 convenien-

115 886 272 942 tibus
294 885 550 958 generale
585 884 904 954 concilium,
945 884 1152 958 opinati
1187 889 1318 940 sunt
1354 884 1612 939 nonnulli
1638 884 1888 940 doctores
1918 900 2007 939 ca-

121 982 331 1040 tholici.
359 983 453 1038 Ast
483 985 652 1055 primo
678 982 862 1055 negari
887 987 1067 1056 potest
1091 1000 1274 1049 casuS,
1302 981 1359 1037 id
1387 986 1492 1047 est,
1522 982 1722 1054 Papam
1751 982 1813 1036 in
1838 982 2010 1036 haere-

121 1081 229 1139 sim
267 1081 380 1136 labi
411 1098 591 1154 posse,
624 1081 788 1137 etiam
826 1086 887 1134 ut
914 1079 1194 1135 doctorem
1232 1079 1530 1151 privatum.
1575 1079 1836 1148 Secundo,
1880 1078 2005 1133 da'to

123 1179 269 1250 quod
305 1184 567 1251 tanquam
601 1193 831 1250 persona
857 1175 1069 1248 *privata
1106 1181 1286 1247 posset
1331 1175 1624 1230 haereticus
1645 1174 1792 1243 fieri,
1829 1174 2008 1247 legiti-

123 1293 277 1330 mum
318 1291 428 1329 non
465 1273 606 1328 foret
640 1272 744 1327 tale
781 1271 1081 1327 concilium
1121 1270 1400 1342 generale,
1433 1271 1640 1342 absque
1672 1270 2000 1328 auctoritate

121 1369 275 1441 Papae
299 1375 656 1423 convocatum
692 1366 834 1438 (vide
857 1384 1037 1437 supra,
1071 1370 1225 1438 parte
1256 1365 1343 1431 Ill,
1373 1371 1503 1419 sect.
1535 1383 1600 1433 1v,
1631 1382 1750 1436 cap.
1775 1366 1873 1432 m).

199 1466 425 1533 Quartus
455 1482 602 1520 casus
632 1468 734 1536 est,
770 1463 816 1519 si
840 1464 979 1537 Papa
1005 1464 1072 1519 sit
1108 1463 1257 1536 gravi
1300 1463 1503 1518 scelere
1544 1462 1866 1518 infamatus·
1901 1461 2007 1518 Sed

122 1561 347 1617 omnino
382 1579 593 1617 errasse
639 1561 734 1634 qui
779 1561 986 1635 opinati
1025 1567 1153 1617 sunt
1193 1562 1251 1616 in
1283 1563 1386 1617 hoc
1423 1580 1553 1617 casu
1592 1560 1834 1634 legitime
1860 1579 2001 1617 con-

0 1654 1 1668 *
65 1727 73 1738 ο
122 1656 300 1711 vocari
354 1675 509 1730 posse
558 1658 811 1730 generale
858 1658 1156 1714 concilium
1199 1659 1408 1732 absque
1456 1658 1778 1714 auctoritate
1826 1659 2006 1732 Papae,

119 1754 243 1811 wide
270 1773 438 1827 supra
466 1758 480 1826 (
491 1761 642 1828 parte
667 1757 754 1821 Ill,
789 1762 920 1813 sect.
950 1776 1019 1826 ιν,
1049 1775 1167 1830 cap.
1200 1764 1275 1827 n).
1309 1757 1371 1810 Et
1409 1775 1438 1812 a
1470 1755 1683 1811 fortiori
1714 1756 2007 1830 apertissi-

117 1869 246 1907 mus
268 1868 433 1905 orror
461 1858 565 1920 est,
593 1871 750 1924 posse
775 1854 843 1908 ab
868 1853 974 1908 alio
1001 1854 1288 1910 convocari
1316 1854 1574 1927 generale
1598 1853 1917 1922 concilium,
1950 1853 1997 1909 si

103 1946 256 2020 ‚Papa
285 1954 508 2019 rogatus
539 1967 838 2005 convocare
872 1956 1088 2005 renuat.
1713 2009 1716 2011 ,

186 2042 378 2105 Quoad
421 2044 594 2099 dictos
633 2046 1098 2102 extraordinarios
1133 2064 1312 2117 casuS,
1346 2049 1648 2104 cavendum
1691 2054 1771 2105 est
1811 2069 1840 2105 a
1869 2066 2008 2106 non·

116 2138 666 2209 nullis'auctoribu5‚
711 2143 1042 2215 caeteroquin
1087 2144 1391 2211 catholicis,
1432 2146 1528 2217 qui
1568 2151 1813 2219 tempore
1842 2148 1989 2204 *Con-

113 2237 434 2294 stantiensis
479 2239 699 2294 concilii
740 2246 834 2294 aut
870 2242 1164 2296 subsecuto
1209 2244 1407 2298 saeculo
1451 2244 1815 2318 scripserunt.
1863 2247 1998 2302 Lon-

114 2333 408 2406 gissimum
451 2337 654 2408 quippe
706 2337 947 2392 schisma
995 2347 1205 2396 mentes
1249 2341 1689 2412 perturbaverat,
1742 2350 1796 2398 et
1853 2343 2001 2399 circa

114 2430 470 2502 respectivam
498 2432 715 2488 concilii
749 2440 799 2488 et
836 2435 988 2507 Papae
1027 2436 1410 2492 auctoritatem
1444 2456 1611 2493 novas
1653 2456 1714 2494 ac
1742 2455 2000 2494 erroneas

115 2526 400 2599 opiniones
427 2528 746 2600 ingesserat.
787 2531 934 2592 Quos
970 2549 1184 2589 errores
1209 2534 1372 2590 Sedes
1397 2535 1705 2609 Apostolica
1733 2553 1847 2590 non
1886 2540 1997 2590 sta-

112 2622 212 2678 tim
250 2623 611 2695 damnandOS,
645 2627 740 2681 sed
768 2627 867 2683 diu
894 2630 1207 2686 tolerandos
1237 2631 1409 2688 duxit.
1456 2633 1518 2686 Et
1554 2632 1678 2688 ideo
1715 2632 2001 2688 subsecuti

115 2719 371 2773 nonnulli
417 2721 685 2787 doctoreS‚
728 2724 833 2780 etsi
874 2727 1152 2796 catholici,
1199 2746 1293 2784 eos
1331 2729 1390 2783 in
1437 2731 1658 2802 scriptis
1701 2731 1817 2785 suis
1862 2730 1990 2785 reti-

114 2821 376 2870 nucrunt.

188 2914 454 2970 Caeterum
485 2913 550 2971 de
585 2914 824 2987 praefatis
854 2920 1307 2976 extraordinariis
1331 2922 1552 2978 casibus
1589 2922 1668 2978 sic
1703 2922 1838 2977 mihi
1870 2939 1999 2978 con-

110 3009 446 3068 cludendum
483 3011 701 3068 videtur
731 3032 744 3067 ε
790 3014 1006 3087 primus
1047 3017 1384 3074 chimericus
1420 3037 1432 3071 t
1477 3019 1775 3086 secundm,
1810 3021 1983 3076 semel

114 3106 282 3173 visus,
322 3127 607 3183 nunquam
644 3110 878 3166 redibit:
912 3112 968 3168 in
1010 3115 1172 3170 tertio
1198 3122 1251 3171 et
1281 3123 1474 3190 quarto
1506 3117 1709 3172 falsum
1741 3124 1824 3173 est
1855 3135 1987 3174 con-

115 3206 296 3260 vocari
323 3224 480 3278 posse
503 3208 801 3265 concilium
835 3211 1044 3285 absque
1068 3213 1298 3269 Romani
1327 3214 1607 3271 Pontificis
1634 3215 1960 3271 auctoritate
1984 3258 1997 3269 .

389 3382 413 3434 ἓ
436 3382 538 3422 5--
561 3384 735 3430 Quinam
761 3388 811 3429 ad
837 3390 1061 3432 concilium
1085 3395 1393 3435 oecumenicum
1421 3393 1506 3434 sint
1530 3393 1723 3434 vocandi.

193 3498 477 3557 Pnorosrrio
505 3503 568 3558 1².
593 3537 663 3548 —-·
685 3506 870 3563 Nullus
895 3508 1058 3563 laicus
1083 3517 1159 3565 est
1183 3512 1475 3566 necessario
1509 3509 1577 3563 ad
1602 3507 1870 3563 concilium
1903 3524 1995 3563 vo·

120 3597 313 3653 candus
340 3606 395 3653 ut
419 3602 585 3671 judex
609 3606 678 3659 sit
703 3613 753 3660 et
783 3607 1103 3678 suffrayium
1126 3609 1285 3679 serat.
1311 3639 1380 3648 —-
1404 3606 1474 3661 De
1498 3606 1588 3661 illa
1612 3605 1994 3679 propositione·
