2340 4062
381 301 470 348 104
899 271 902 273 “
1057 298 1352 346 'falernus
1381 299 1446 345 DE
1477 261 1626 348 pipi.

382 410 687 468 trocinium
722 429 834 466 non
869 407 1216 473 admittetur3
1256 406 1303 463 si
1341 407 1615 478 notarius,
1645 411 1715 467 ab
1757 411 1878 486 ipso
1915 415 2166 472 confecta
2211 401 2290 472 inss

381 514 693 566 strumenta
722 508 939 564 nullius
966 507 1172 565 valoris
1202 515 1388 566 erunt.
1421 510 1542 566 Jam
1570 529 1698 568 vero
1724 512 1821 586 qui
1853 511 1987 569 talia
2018 515 2286 583 decernit,

378 607 483 663 sibi
513 606 707 680 procul
751 605 923 661 dubio
965 610 1299 680 potestatem
1340 607 1399 664 in
1427 610 1758 684 temporalia
1796 628 1994 684 regum
2025 606 2329 668 adscribit

378 713 431 762 et
458 712 664 761 certam
685 704 971 779 supponit.
995 705 1136 779 Ergo
1160 707 1462 764 concilium
1488 708 1856 766 Lateranense
1881 714 2144 782 quartum
2167 710 2286 783 ejus
2335 691 2337 694 ⁸

378 803 527 859 modi
561 808 891 877 potestatem
924 805 1031 861 sibi
1058 805 1374 863 vindicavit.

451 903 513 958 ΙΙ.
559 902 709 959 Idem
744 909 961 959 constat
1002 904 1313 961 canonibus
1341 906 1435 979 68,
1467 907 1539 962 69
1583 911 1636 963 et
1673 905 1762 962 70.
1803 906 1938 961 Nam
1974 923 2186 962 canone
2218 905 2286 962 68

375 1001 636 1077 prohibet
662 1003 906 1077 synodus
934 1021 1005 1060 ne
1039 1003 1208 1077 judaei
1236 1005 1431 1061 eadem
1462 1011 1612 1062 veste
1650 1024 1713 1062 ac
1744 1004 2031 1062 christiani
2074 1004 2289 1079 publice

378 1106 610 1157 utantur
652 1100 797 1174 (vide
834 1106 1050 1158 textum
1088 1103 1239 1177 apud
1288 1103 1479 1170 Mansi,
1531 1104 1910 1162 Conciliorum
1945 1110 2097 1160 tomo
2133 1106 2285 1178 XXII,

372 1200 477 1256 col.
516 1199 709 1273 1055).
751 1199 967 1257 Canone
995 1207 1184 1258 autem
1220 1201 1290 1257 69
1324 1203 1584 1277 prohibet
1619 1222 1688 1259 ne
1725 1204 1924 1278 judaeis
1964 1209 2016 1259 et
2059 1204 2287 1278 paganis

371 1297 595 1372 publica
624 1298 820 1354 munia
861 1298 1219 1355 conferantur
1250 1299 1435 1373 (ibid.,
1483 1302 1589 1357 col.
1634 1301 1828 1375 1058).
1873 1302 1936 1356 Et
1975 1320 2187 1358 canone
2218 1301 2286 1358 70

369 1396 688 1471 praecipitur
713 1403 774 1453 ut
802 1398 974 1469 judaei
1011 1399 1263 1455 conversi
1299 1405 1353 1455 et
1392 1400 1672 1475 baptizati,
1719 1400 1768 1456 si
1813 1402 1951 1457 sorte
1996 1402 2064 1456 ad
2102 1403 2287 1458 obser-

369 1495 583 1552 vantias
606 1496 862 1569 judaicas
907 1497 1196 1571 redierint,
1229 1515 1331 1571 per
1366 1499 1669 1574 Episcopos
1707 1507 1958 1571 coquntur
1999 1499 2065 1556 iis
2107 1499 2288 1556 obser-

369 1595 571 1651 vantiis
614 1578 962 1653 renuntiare.
1014 1597 1078 1654 Ut
1104 1615 1252 1669 quos,
1300 1597 1481 1672 inquit
1518 1598 1787 1675 synodus,
1833 1601 2126 1655 christianae
2165 1600 2285 1655 reli-

368 1697 506 1765 {je'oni
549 1696 723 1750 liberae
769 1697 1052 1751 voluntatis
1099 1697 1372 1752 arbitrium
1407 1698 1618 1762 obtulit,
1668 1698 1958 1770 salutiferae
2005 1717 2284 1753 COAcrloMs

371 1796 651 1849 necessitas
694 1796 748 1848 in
803 1796 911 1864 ejus
959 1796 1319 1850 observatione
1361 1804 1645 1850 conservet.
1709 1796 1886 1870 (Apud
1928 1796 2118 1863 Mansi,
2166 1796 2283 1853 loco

369 1884 490 1950 cit.‚
539 1884 645 1939 col.
691 1883 884 1957 1058.)
930 1885 1040 1939 lloc
1082 1885 1290 1959 triplici
1333 1904 1544 1942 canone
1589 1887 1801 1941 dictum
1849 1887 2152 1942 concilium
2192 1905 2286 1961 po-

369 1987 621 2039 testatem
674 1982 730 2037 in
774 1982 1100 2057 temporalia
1150 2001 1344 2058 regum
1388 1984 1737 2061 apertissime
1783 1987 2027 2042 exercuit
2069 2005 2131 2042 ac
2176 1987 2283 2043 sibi

371 2080 685 2155 adscripsit.
1909 2064 1916 2069 ⁸

443 2180 529 2235 III.
569 2181 719 2235 Idem
752 2186 968 2236 constat
999 2198 1065 2235 ex
1105 2180 1275 2253 gestis
1303 2180 1519 2236 concilii
1556 2181 1737 2253 quoad
1776 2182 2102 2238 comitatum
2129 2182 2282 2238 Tolo-

372 2297 594 2336 sanum.
621 2283 755 2336 Rem
791 2282 869 2336 sic
897 2286 1086 2336 narrat
1106 2282 1456 2354 synchronus
1480 2282 1743 2356 scriptor,
1762 2283 1955 2339 Petrus
1970 2282 2140 2338 Vallis
2158 2283 2279 2338 Sar-

370 2377 567 2434 nensis
597 2378 927 2447 monachus,
949 2377 1008 2433 in
1040 2396 1140 2434 sua
1173 2377 1411 2434 Historia
1442 2378 1856 2450 Albigensium,
1886 2378 2067 2453 capite
2097 2398 2279 2434 Lxxxur

374 2475 539 2548 (apud
575 2475 768 2544 Mansi,
813 2475 1182 2532 conciliorum
1222 2481 1372 2532 tomo
1409 2476 1558 2546 xxn,
1601 2476 1705 2532 col.
1750 2475 1916 2550 1069)
1960 2498 1969 2529 :

449 2574 652 2628 «Inter
694 2574 803 2629 alia
842 2594 965 2649 quae
1012 2576 1263 2631 ordinata
1307 2577 1540 2632 fuerunt
1580 2576 1636 2631 in
1678 2576 1916 2632 concilio
1957 2584 2010 2633 et
2049 2583 2273 2643 statuta,

366 2678 663 2729 tractatum
717 2673 822 2729 fuit
873 2675 938 2731 de
984 2675 1202 2748 negotio
1247 2675 1375 2732 lidei
1423 2683 1613 2731 contra
1654 2675 1998 2748 AlbigenseS.
2047 2676 2278 2732 Venerat

367 2771 519 2828 enim
554 2772 620 2827 ad
656 2772 961 2828 concilium
987 2774 1352 2840 Raimondus,
1398 2775 1682 2847 quondam
1726 2792 1910 2830 comes
1947 2775 2274 2844 TolosanuS,

367 2876 419 2927 et
446 2871 596 2927 filius
623 2872 669 2945 ej
682 2891 766 2943 uS,
796 2890 982 2928 comes
1010 2872 1179 2928 etiam
1208 2873 1398 2944 Feuxi,
1421 2873 1574 2948 pacis
1599 2879 1652 2929 et
1675 2873 1803 2930 fidei
1822 2873 2275 2957 ¹manifestissimi

364 2971 700 3036 turbatores,
729 2956 1100 3046 supplicaturi
1137 2971 1376 3028 concilio
1402 2991 1502 3047 pro
1529 2971 1951 3046 recuperatione
1974 2975 2136 3027 terrae
2163 2988 2276 3025 sua}

363 3086 532 3143 quam
583 3070 959 3143 perdiderant,
1009 3071 1193 3127 divina
1247 3071 1581 3146 disponente
1625 3068 2277 3142 censura,'sulfragante

362 3167 572 3223 auxilio
618 3167 966 3241 signatorum
999 3171 1117 3245 (des
1160 3170 1413 3242 croises).
1445 3168 1638 3225 Comes
1663 3186 1792 3224 vero
1831 3166 2037 3223 nobilis
2071 3167 2277 3223 Monte-

360 3266 519 3323 sortis
577 3266 730 3321 misit
783 3268 921 3324 illuc
983 3271 1214 3326 fratrem
1266 3286 1435 3325 suum
1485 3284 1817 3341 germanum
1853 3265 2162 3322 Guidonem
2209 3265 2277 3321 de

358 3366 691 3433 Monteforti,
733 3367 984 3442 aliosque
1015 3369 1204 3425 fideles
1238 3367 1473 3424 nuncios
1506 3371 1560 3423 et
1589 3365 1880 3420 discretos
1915 3365 2120 3420 Verum
2151 3363 2272 3437 qui-

360 3467 487 3523 dem
533 3471 617 3523 est
657 3467 806 3540 quod
846 3467 1074 3523 suerunt
1126 3468 1203 3524 ibi
1262 3466 1458 3541 aliqui,
1503 3465 1673 3522 etiam
1715 3463 1865 3537 quod
1908 3467 1988 3519 est
2021 3460 2266 3536 gravius,

357 3566 425 3622 de
451 3565 718 3641 praelatiS,
751 3565 847 3640 qui
889 3566 1107 3639 negotio
1151 3566 1280 3623 fidei
1309 3563 1546 3630 adversi,
1581 3581 1683 3638 pro
1718 3561 2071 3618 restitutione
2098 3559 2267 3615 dicto-

356 3682 486 3722 rum
513 3664 783 3722 comitum
812 3664 1139 3720 laborabant
1163 3684 1174 3718 :
1202 3665 1295 3721 sed
1326 3681 1440 3720 non
1467 3659 1757 3737 praevaluit
1783 3656 2267 3716 consiliumAcbi-
