2340 3990
2195 0 2340 314 'l

303 335 392 381 516
972 334 1276 381 'IRACTATUS
1307 334 1374 380 DE
1405 336 1557 382 PAPA.

300 462 367 499 ne
402 445 549 518 hzy‘us
587 447 793 519 quidem
829 443 970 498 sedis
1001 445 1175 516 possit
1207 446 1518 500 auctoritas,
1554 444 1619 499 Et
1657 450 1805 502 certe
1839 444 1933 518 jus
1963 450 2218 505 naturale

301 547 354 598 et
397 543 650 599 divinum
694 542 904 598 mutari
941 560 969 597 a
1010 541 1207 599 Sancta
1246 542 1384 600 Sede
1420 543 1632 620 nequit.
1680 544 1986 620 Episcopus
2029 545 2216 615 etiam,

301 644 522 716 quando
549 659 660 697 non
693 647 855 716 urget
879 643 1071 717 aliqua
1102 635 1410 701 necessitas
1436 645 1524 702 vel
1560 643 1780 710 utilitas
1807 645 2063 700 mutandi
2092 664 2219 702 suo-

301 757 429 796 rum
469 740 829 796 decessorum
875 746 1081 798 statuta
1120 741 1577 813 dioecesanas-zita
1623 749 1686 800 ut
1720 762 1785 801 ex
1823 744 1923 800 tali
1960 744 2224 802 immuta-

300 839 450 895 tione
481 845 743 901 secutura
769 847 917 898 esset
940 847 1161 898 tantum
1197 843 1391 900 nociva
1421 844 1692 914 turbati0‚
1716 843 1858 901 bene
1883 850 2071 920 posset
2100 864 2224 902 mu-

301 937 574 993 tationem
619 938 998 1013 ssagitantibus
1038 942 1376 1016 respondere
1406 962 1415 994 :
1448 943 1566 1000 Non
1595 962 1833 1016 possum.
1868 943 2002 1008 Quis
2037 947 2224 1000 autem

304 1035 447 1092 illud
470 1037 589 1094 Non
610 1057 828 1112 possum
861 1039 1200 1114 intelligeret
1229 1041 1295 1096 de
1334 1040 1662 1098 sufficientis
1689 1040 1978 1117 potestatis
2005 1042 2225 1116 legisla-

303 1135 429 1191 tivae
448 1137 704 1193 defectu?
726 1139 845 1195 Non
865 1145 1046 1213 potest
1065 1139 1260 1212 utique
1279 1140 1453 1204 licite;
1476 1159 1588 1196 non
1609 1146 1789 1216 potest
1808 1160 1871 1197 eo
1887 1159 2057 1197 sensu
2079 1143 2226 1215 quod

306 1253 418 1291 non
443 1236 659 1294 debeat.
676 1237 738 1292 Et
761 1238 954 1293 eodem
979 1256 1171 1308 sensu,
1196 1239 1452 1312 quamvis
1473 1258 1537 1295 ex
1557 1242 1735 1296 multo
1760 1241 1963 1314 majori
1989 1240 2225 1311 ratione,

308 1334 506 1390 dicunt
542 1336 723 1409 quoad
768 1355 1000 1393 sensum
1043 1338 1101 1392 in
1144 1338 1322 1394 citatis
1356 1339 1594 1396 textibus
1637 1340 1873 1395 Romani
1913 1340 2224 1414 Pontifices,

306 1435 425 1493 Non
445 1455 745 1509 possumus,
785 1437 915 1508 quia
938 1437 1148 1492 scilieet
1175 1456 1288 1492 non
1315 1444 1460 1494 recte
1488 1457 1804 1512 ageremus,
1834 1440 1986 1495 Adde
2017 1441 2229 1495 multos

307 1553 429 1591 esse
468 1553 711 1591 canones
748 1536 867 1609 qui,
900 1542 1090 1611 utpote
1131 1554 1259 1592 eum
1293 1538 1549 1610 dogmate
1587 1538 1846 1605 connexi,
1887 1557 1990 1594 nec
2027 1557 2052 1594 a
2086 1539 2229 1612 Papa

305 1650 408 1688 nec
439 1651 468 1687 a
493 1633 727 1689 concilio
755 1634 1097 1690 oecumenico
1123 1635 1307 1691 valent
1330 1635 1446 1691 ullo
1483 1637 1647 1692 modo
1678 1636 1990 1692 immutari.
2021 1637 2090 1690 De
2119 1653 2228 1708 quo

307 1734 388 1790 sic
420 1735 649 1790 disserit
686 1735 943 1791 eruditus
972 1736 1219 1791 Zaccaria
1252 1737 1557 1810 (Dissertat.
1591 1739 1731 1793 sulla
1763 1738 2063 1793 mutabilz'ta
2091 1735 2230 1792 della

306 1836 602 1907 disciplina,
639 1855 693 1910 p.
732 1836 824 1906 811,
860 1836 993 1892 edit.
1028 1835 1255 1903 Faenm,
1297 1838 1467 1911 1787)
1503 1861 1513 1893 :

387 1955 412 1984 «
447 1933 618 1989 Citata
668 1934 993 1991 testimonia
1045 1954 1155 1991 non
1200 1936 1438 2010 probant
1482 1956 1738 1994 summos
1780 1937 2072 1993 Pontifices
2115 1957 2230 1995 non

305 2032 556 2107 potuisse
594 2033 849 2090 absolute
892 2035 1161 2108 derogare
1199 2036 1535 2105 canonilius3
1586 2037 1684 2092 sed
1728 2042 1949 2092 tantum
1992 2037 2232 2111 probant

309 2132 451 2187 hanc
489 2151 686 2189 eorum
721 2135 1108 2191 auctoritatem
1140 2136 1342 2192 arctari
1387 2154 1450 2191 ex
1496 2155 1718 2192 summa
1753 2137 2142 2193 convenientia
2178 2142 2232 2192 et

309 2231 570 2305 gravibus
597 2233 930 2304 rationibus,
966 2253 1087 2308 quae
1115 2240 1317 2307 urgent
1350 2241 1412 2291 ut
1450 2254 1691 2292 canones
1720 2236 1880 2291 illaesi
1910 2242 2224 2291 serventur.

279 2331 368 2398 *Et
396 2351 606 2399 revera,
640 2334 972 2407 generaliter
1009 2334 1310 2409 loquendo,
1351 2335 1516 2390 multi
1548 2353 1784 2390 canones
1812 2334 2099 2390 continent
2124 2340 2231 2390 sta-

308 2439 426 2490 tuta
449 2436 594 2506 ,iuris
619 2435 816 2505 divini,
840 2437 926 2492 vel
947 2454 1069 2508 quae
1092 2436 1220 2510 jure
1244 2435 1430 2491 divino
1452 2434 1764 2491 fundantur
1787 2457 1798 2488 ε
1827 2435 1885 2490 in
1913 2435 2040 2491 talia
2065 2454 2230 2510 porro

309 2533 523 2588 nullam
566 2534 790 2590 extendi
835 2533 1255 2607 quantumlibet
1301 2551 1516 2588 sacram
1567 2537 1850 2588 terrenam
1899 2537 2230 2606 potestatem

310 2636 525 2686 certum
568 2639 671 2687 est.
716 2632 779 2686 Et
828 2633 950 2688 ideo
977 2633 1029 2687 S.
1070 2632 1320 2688 Zozimus
1363 2638 1489 2706 post
1527 2650 1694 2706 supra
1735 2631 1897 2688 citata
1941 2631 2106 2687 verba
2145 2632 2230 2704 (ex

310 2730 473 2805 epist.
504 2731 591 2803 vn)
621 2731 916 2804 subjungit
947 2751 957 2783 ε
993 2730 1126 2797 Quid
1165 2734 1299 2786 enim
1328 2740 1434 2786 tam
1469 2739 1708 2785 sanctum
1735 2749 1796 2784 ac
1824 2730 2121 2784 venerabile
2155 2739 2230 2784 est

309 2843 465 2897 qnam
490 2829 704 2897 penitus
737 2846 843 2882 non
869 2829 1168 2882 eoeorbitare
1197 2830 1258 2882 ab
1298 2830 1487 2883 itinere
1517 2829 1795 2899 majorum,
1829 2845 2049 2899 quornm
2077 2845 2232 2881 cano-

307 2927 425 2978 nica
450 2927 698 2980 instituta
722 2928 860 2981 velut
890 2927 1123 2998 quaedam
1156 2927 1504 3000 fundamenta
1529 2934 1652 2981 sum
1684 2927 1916 2999 ferendis
1939 2926 2061 2997 fidei
2084 2927 2232 2998 jacta
2318 2928 2324 2934 “

299 3024 642 3094 ponderibus.
686 3023 826 3080 Sunt
859 3031 1128 3099 praeterea
1156 3043 1398 3080 canones
1427 3042 1569 3098 quos
1609 3024 1855 3079 Ecclesia
1895 3022 2091 3079 habuit
2118 3029 2234 3078 tan·
2309 3011 2314 3014 ’

307 3140 475 3195 quam
521 3142 551 3178 a
599 3125 807 3198 Spiritu
863 3133 1050 3182 sancto
1099 3123 1352 3182 dictatos,
1400 3126 1556 3180 Tales
1611 3124 1767 3180 fuere
1803 3123 2032 3180 Nicaeni.
2082 3123 2232 3178 Unde

306 3218 359 3274 S.
391 3219 494 3275 Leo
536 3219 764 3292 Magnus
808 3221 1045 3278 firmiter
1082 3222 1362 3278 recusavit
1403 3221 1699 3277 admittere
1735 3238 2004 3275 canonem
2034 3237 2232 3293 quem-

310 3321 440 3376 dam
472 3318 997 3391 Chalcedonensem,
1034 3327 1226 3397 utpote
1268 3320 1499 3377 Nicaenis
1539 3319 1887 3375 contrarium
1916 3342 1926 3373 :
1962 3319 2232 3392 Tanquam

308 3421 535 3493 refutari
572 3429 798 3492 nequeat
831 3419 1038 3493 (inquit
1080 3420 1138 3475 in
1166 3420 1340 3492 Epist.
1383 3418 1451 3474 ad
1478 3418 1822 3494 Anatolium)
1868 3420 2006 3492 qnod
2046 3418 2231 3473 illicita

309 3519 534 3574 voluerit
551 3519 851 3586 multituda,
883 3526 933 3574 et
959 3520 1051 3574 illa
1073 3519 1414 3576 Nicaenorum
1437 3537 1697 3575 canonum
1718 3539 1815 3594 per
1842 3521 2087 3592 spiritum
2114 3535 2232 3574 vere

311 3627 551 3675 sanctam
578 3621 823 3675 ordinata
859 3620 1089 3675 conditio
1126 3622 1182 3675 in
1213 3621 1391 3693 aliqua
1422 3623 1665 3692 cuiquam
1691 3622 1761 3675 sit
1791 3628 1950 3693 parte
1973 3620 2227 3676 solubilis⁸

310 3720 375 3775 Et
399 3719 606 3776 iterum
640 3720 699 3776 in
731 3719 970 3796 Epistola
995 3719 1064 3776 ad
1089 3719 1390 3776 Maximum
1418 3719 1826 3776 Antiochenum
1857 3719 2186 3794 episcopum
2213 3735 2223 3770 ς

2303 3750 2325 3774 Ὗ

2333 317 2340 347 l

2332 352 2340 452 l

2336 495 2340 518 l
