2340 3990
870 293 996 342 PARS
1023 293 1219 341 OCTAVA
1229 328 1240 340 .
1905 296 1992 343 589

120 398 266 474 quod
321 416 443 455 eam
482 400 755 472 judicandi
799 407 1114 473 potestatem
1151 399 1211 455 in
1249 398 1524 473 religiosis
1573 396 1987 466 sustinuissent;

90 495 287 551 ‘simul
315 496 479 552 etiam
506 497 822 553 cohortatus
849 502 932 554 est
962 497 1029 553 ad
1056 514 1246 554 eorum
1268 513 1491 553 causam
1514 494 1986 570 propugnandam3

118 593 321 667 quippe
349 609 459 647 non
493 587 655 649 modo
692 610 880 649 rerum
915 593 1322 649 conditionibus
1351 596 1743 667 opportunam,
1778 591 1874 647 sed
1905 608 1992 647 ra-

117 688 252 745 tioni
283 694 779 745 consentaneam.»

189 784 363 857 Igitur
400 788 679 840 communis
712 802 903 841 revera
937 785 1204 841 sententia
1231 786 1346 840 haec
1375 783 1485 840 dici
1510 789 1710 857 potest,
1745 783 1992 857 quamvis

69 927 81 940 .
117 882 371 938 nonnulli
399 888 652 938 auctores
679 883 1017 938 contrarium
1043 882 1340 938 tenuerint.

189 979 421 1052 objicies,
444 980 876 1035 -Contrarium
902 979 1079 1035 tenuit
1114 979 1332 1049 Suarez,
1378 995 1616 1051 sequens
1645 975 1990 1034 Cardinalem

112 1075 445 1132 Jacobatium
489 1082 543 1132 et
566 1077 906 1132 Cardinalem
935 1074 1227 1129 Albanum.
1259 1074 1346 1128 Sic
1381 1091 1578 1146 nempe
1614 1074 1777 1129 habet
1806 1074 1863 1128 in
1889 1092 1991 1129 suo

115 1178 344 1230 tractatu
378 1174 440 1228 de
467 1175 591 1244 fide,
627 1171 998 1245 disputatione
1023 1169 1339 1238 undecima,
1379 1187 1438 1225 n.
1467 1169 1536 1223 18
1566 1190 1576 1222 :
1615 1190 1641 1221 «
1663 1170 1865 1235 Terti0‚
1903 1187 1991 1242 ge-

114 1268 325 1323 nerales
349 1268 631 1339 ordinum,
663 1286 724 1322 ex
747 1266 1148 1322 consuetudine
1174 1271 1226 1320 et
1260 1263 1614 1320 concessione
1637 1265 1984 1333 Pontificum,

112 1365 313 1420 habent
348 1365 703 1436 suffragium,
737 1363 987 1438 quamvis
1012 1381 1075 1417 ex
1099 1364 1224 1434 jure
1249 1362 1532 1417 communi
1575 1381 1684 1417 non
1719 1369 1990 1436 oporteret

114 1460 236 1515 illos
264 1477 474 1514 vocare.
505 1459 728 1528 Quart0,
751 1460 813 1513 cle
842 1459 1118 1513 Abbatibus
1146 1475 1250 1512 non
1278 1460 1410 1528 viqet
1433 1458 1551 1512 talis
1581 1459 1755 1530 aliqua
1782 1478 1991 1515 consue-

112 1558 255 1620 tud0‚
299 1573 390 1610 nec
423 1556 694 1627 Pontifices
730 1556 831 1609 illis
868 1557 960 1610 hoc
990 1562 1368 1623 concesserunt,
1399 1572 1500 1609 nec
1527 1573 1716 1610 eorum
1751 1556 1988 1628 dignitas

109 1650 233 1706 talis
259 1655 343 1705 est
371 1655 431 1704 ut
455 1651 762 1722 putandum
791 1650 880 1714 sit,
913 1650 1041 1722 jure
1067 1649 1251 1703 divino
1281 1650 1384 1704 hoc
1412 1649 1479 1703 ad
1511 1649 1660 1722 ipsos
1684 1649 1984 1722 pertinere.

107 1749 168 1802 Et
201 1747 451 1819 quamvis
483 1747 602 1801 aliis
636 1747 693 1801 in
724 1747 888 1802 rebus
929 1745 1178 1801 videatur
1213 1763 1405 1802 corum
1432 1746 1746 1818 jurisdictio
1785 1747 1987 1803 similis

108 1844 422 1918 episcopali,
469 1861 579 1899 non
627 1850 808 1899 tamen
848 1844 904 1898 in
931 1843 1191 1898 omnibus
1221 1844 1346 1915 quia
1385 1843 1439 1898 id
1478 1861 1541 1899 ex
1576 1844 1701 1916 jure
1740 1845 1986 1900 humano

108 1941 405 1996 descendit.
428 1941 688 1996 Videatur
709 1940 1022 1996 Jacobatius
1049 1941 1292 1996 referens
1313 1940 1540 2010 multos,
1558 1940 1698 1996 libro
1717 1942 1980 2012 secundo,

106 2040 276 2113 capite
315 2040 573 2104 secund0‚
617 2039 887 2094 versiculo
919 2040 1125 2094 dubium
1161 2046 1331 2092 tamen
1373 2046 1471 2100 est;
1501 2037 1764 2109 Albanus,
1804 2039 1982 2111 prima

107 2141 259 2208 parte
283 2137 345 2190 de
372 2136 621 2201 Concilz'0‚
653 2136 832 2208 capite
858 2155 959 2190 xvi.
986 2157 1010 2187 »

180 2233 501 2305 ResponcIeO.
528 2266 593 2274 —
620 2233 674 2287 1⁰
703 2233 946 2305 Longum
974 2233 1213 2288 schisma
1239 2233 1293 2287 in
1322 2233 1718 2288 Constantiensi
1747 2234 1982 2289 concilio

104 2330 419 2396 extinctum,
448 2337 661 2386 mentes
702 2331 1136 2403 perturbaverat,
1178 2337 1231 2385 et
1266 2330 1456 2385 multis
1490 2331 1737 2386 erroneis
1771 2331 1980 2404 opinio-

104 2425 267 2480 nibus
290 2427 591 2498 praesertim
619 2427 763 2482 circa
790 2445 850 2482 ea
873 2446 992 2499 quae
1012 2427 1263 2482 Ecclesiae
1283 2427 1734 2483 constitutionem
1759 2435 1811 2483 et
1827 2428 1981 2485 Sedis

102 2522 417 2595 Apostolicae
457 2524 837 2579 auctoritatem
866 2524 1192 2597 respiciunt,
1223 2530 1405 2580 ortum
1432 2525 1674 2580 dederat.
1709 2526 1787 2580 De
1818 2526 1978 2581 Aber-

0 2597 9 2643 ,¹
100 2622 384 2675 rationibus
401 2620 633 2676 Gersonii
650 2630 699 2676 et
717 2622 858 2676 Petri
875 2623 938 2677 de
952 2622 1149 2677 Alliaco
1160 2624 1274 2694 jam
1291 2640 1453 2694 supra
1474 2623 1700 2677 diximus
1722 2623 1897 2695 (parte
1912 2623 1975 2687 ΙΙ,

103 2722 235 2770 sect.
274 2734 325 2782 11,
362 2734 478 2788 cap.
517 2737 582 2785 vr,
626 2720 650 2787 ἓ
681 2718 713 2772 5
742 2723 795 2772 et
822 2719 901 2786 4).
931 2716 1035 2772 Sed
1070 2723 1122 2772 et
1152 2716 1235 2771 illi
1267 2718 1363 2789 qui
1391 2716 1662 2790 proximis
1687 2724 1811 2788 post
1845 2719 1980 2772 Con-

103 2810 402 2867 stantiense
432 2811 727 2866 concilium
767 2812 1110 2883 temporibus
1141 2811 1501 2883 scripserunt,
1541 2817 1732 2883 utpote
1770 2817 1981 2867 antece-

103 2907 347 2962 dentium
376 2925 626 2962 errorum
653 2907 888 2979 caligine
914 2906 1161 2961 nondum
1187 2906 1320 2961 satis
1345 2906 1602 2979 expediti,
1625 2912 1783 2962 caute
1801 2909 1979 2980 quoad

103 3004 273 3060 dictas
315 3005 571 3060 materias
612 3004 826 3077 legendi
875 3009 1031 3067 sunt,
1077 3005 1179 3060 etsi
1226 3004 1561 3077 caeteroquin
1600 3021 1731 3076 erga
1781 3004 1977 3062 Sedem

103 3101 465 3174 Apostolicam
490 3102 627 3156 bene
650 3100 828 3156 affecti
858 3101 1086 3170 fuerint,
1107 3107 1158 3156 et
1184 3102 1324 3157 bona
1351 3101 1455 3157 fide
1480 3102 1775 3157 utilitatem
1806 3101 1975 3158 Eccle-

105 3196 196 3252 siae
224 3215 321 3271 pro
349 3215 512 3270 scopo
535 3197 844 3252 habuerint.
886 3197 1031 3253 Inter
1057 3216 1195 3270 quos
1222 3199 1590 3254 recensendus
1625 3198 1974 3271 potissimum

8 3310 10 3315 ·
100 3291 399 3346 Cardinalis
418 3291 752 3357 Jacobatius;
783 3292 942 3364 cujus
977 3292 1207 3364 proinde
1236 3293 1535 3349 auctoritas
1571 3294 1626 3347 in
1656 3294 1845 3348 multis
1870 3311 1976 3348 me-

102 3386 205 3442 rito
241 3388 483 3443 recusari
514 3387 701 3473 debet.
743 3389 804 3443 Et
843 3407 965 3443 meo
1005 3390 1227 3461 quidem
1272 3391 1504 3464 judicio,
1551 3408 1660 3444 non
1698 3391 1974 3446 debuisset

103 3481 274 3540 Labbe
316 3484 374 3539 in
412 3503 513 3540 suo
549 3484 911 3540 conciliorum
947 3493 1239 3559 apparatu,
1282 3487 1543 3544 Jacobatii
1581 3492 1870 3542 tractatum
1912 3489 1975 3543 de

108 3578 343 3635 conciliis
386 3581 566 3638 edere.
604 3581 665 3634 Et
711 3581 873 3637 etiam
913 3582 1183 3639 Cardinali
1230 3586 1433 3640 Albano
1480 3584 1802 3657 applicanda
1842 3592 1971 3640 sunt
