2340 3990
52 441 120 492 ιιζ..

729 880 1031 968 PARS
1121 883 1186 968 V

54 1145 135 1211 DE
177 1145 532 1212 POTESTATE
574 1145 757 1226 PAPAE
797 1143 1005 1211 SUPRA
1042 1144 1353 1223 CANONES,
1388 1145 1466 1211 ET
1495 1145 1668 1212 ALllS
1707 1146 1859 1213 EJUS

47 1275 77 1300 o
450 1253 487 1319 E
525 1253 683 1320 JURE
723 1252 939 1320 DIVINO
981 1253 1463 1322 PRAEROGATIVIS

88 1555 317 1611 Romani
357 1554 630 1611 Pontificis
677 1574 841 1630 supra
887 1574 1125 1612 canones
1171 1561 1412 1629 potestas
1461 1575 1521 1612 ex
1565 1556 1685 1629 ejus
1731 1576 1899 1630 supra

82 1651 311 1709 neilium
355 1654 758 1709 oecumenicum
802 1654 1125 1711 auctoritate
1167 1655 1479 1710 necessario
1516 1673 1578 1709 ae
1618 1656 1901 1712 evidenter

48 1752 392 1824 onsequitur.
438 1752 573 1807 Hine
615 1753 886 1826 potuisset
928 1753 1119 1822 lector,
1161 1752 1339 1824 quoad
1378 1753 1530 1806 illam
1582 1754 1900 1826 praerogati-

51 1864 154 1910 am,
187 1847 393 1903 remitti
420 1848 484 1902 ad
514 1851 719 1903 tertiam
748 1850 981 1921 hujusce
1008 1853 1272 1902 tractatus
1300 1853 1535 1920 partem,
1571 1867 1674 1920 qua
1703 1848 1899 1920 Papam

53 1944 252 2000 enerali
278 1945 513 1999 coneilio
545 1945 890 2019 superiorem
932 1945 1302 2018 probavimus.
1342 1945 1478 2009 Quia
1517 1952 1699 1999 tamen
1742 1945 1900 2000 diotae

51 2032 53 2035 ¹
84 2042 379 2121 aerogativae
399 2043 614 2113 negatio
634 2061 780 2097 unus
803 2042 953 2097 fuite
980 2048 1218 2113 quatuor
1245 2042 1501 2097 infaustis
1522 2042 1770 2097 articulis
1787 2044 1899 2115 gal-

39 2138 208 2196 icanis
236 2141 365 2195 anni
398 2141 564 2207 1682,
596 2150 647 2195 et
675 2148 756 2206 ut,
788 2140 1020 2195 seorsim
1051 2158 1290 2214 expensa
1325 2140 1651 2212 quaestione,
1684 2140 1899 2195 facilius

54 2243 191 2294 ateat
215 2240 487 2311 lugendus
522 2239 613 2294 ille
639 2239 1043 2311 gallicanorum
1078 2239 1462 2311 theologorum
1506 2256 1682 2302 error,
1714 2238 1901 2292 Ponti-

54 2338 103 2394 ci
144 2357 308 2411 supra
348 2357 583 2394 canones
624 2339 1004 2394 auctoritatem
1054 2338 1292 2393 breviter
1333 2337 1512 2410 primo
1554 2338 1898 2410 paragrapho

49 2434 434 2491 indicabimus.
472 2436 839 2509 Sequentibus
877 2442 1061 2492 autem
1100 2436 1457 2510 paragraphis
1489 2437 1623 2491 alias
1662 2437 1838 2510 ipsius
1870 2455 1900 2492 e

36 2551 134 2588 ure
160 2532 343 2587 divino
372 2534 750 2606 praerogativas
777 2552 1138 2607 exponemus,

146 2724 169 2772 g
196 2722 231 2761 1.
250 2745 300 2750 —
322 2722 499 2760 Romano
522 2720 708 2760 Pontifici
738 2721 933 2772 competit
954 2722 1050 2771 jure
1070 2722 1208 2761 divino
1229 2727 1408 2774 pomstas
1427 2735 1551 2776 supra
1571 2734 1766 2764 canonos·

24 2925 26 2930 λ
95 2855 359 2910 Canonum
401 2857 663 2910 vocabulo
704 2838 946 2928 intelligi·
977 2860 1177 2927 solent,
1215 2859 1434 2914 decreta
1469 2878 1565 2914 seu
1603 2860 1750 2930 leges
1780 2866 1898 2914 tum

64 2969 384 3007 omanorum
409 2952 757 3017 Pontificum,
796 2959 913 3007 tum
946 2954 1110 3008 etiam
1139 2955 1481 3026 generalium
1511 2955 1894 3013 conciliorum.

56 3065 151 3103 um
181 3055 363 3103 autem
408 3049 554 3122 apud
589 3049 869 3120 theologos
912 3051 1285 3107 canonistasve
1318 3054 1643 3124 expenditur
1668 3054 1898 3126 quaestio

113 3146 245 3221 Papa
282 3147 352 3202 sit
379 3165 541 3220 supra
577 3165 836 3212 canoneS‚
875 3166 983 3202 non
1016 3149 1196 3221 agitur
1234 3151 1300 3205 de
1339 3151 1646 3206 canonibus
1681 3169 1775 3206 seu
1809 3152 1898 3207 de-

56 3245 182 3300 retis
209 3244 550 3318 dogmaticiS‚
581 3245 673 3300 sed
701 3246 985 3301 dumtaxat
1018 3247 1083 3302 de
1113 3248 1417 3304 canonibus
1453 3251 1506 3304 in
1542 3252 1764 3304 materia
1795 3251 1898 3303 dis-

21 3343 240 3414 septime,
285 3348 339 3397 et
370 3342 638 3413 quaeritur
667 3361 736 3398 an
761 3350 866 3400 stet
893 3363 1056 3417 penes
1098 3346 1408 3402 Romanum
1443 3347 1762 3403 Pontificem
1806 3366 1897 3419 po-

45 3444 188 3493 estas
227 3438 501 3510 ejusmodi
533 3457 770 3496 canones
809 3441 1214 3514 disciplinareS,
1260 3450 1375 3500 tum
1422 3446 1893 3519 praedeeessorum

23 3551 273 3601 suorum,
319 3539 437 3588 tum
481 3536 645 3590 etiam
675 3539 1016 3616 generalium
1049 3542 1417 3598 conciliorum
1447 3540 1770 3614 abrogandi,
1802 3546 1897 3595 aut

22 3630 182 3687 ineis
219 3631 596 3704 dispensandi.
628 3634 690 3688 Et
729 3636 987 3706 gallicani
1015 3639 1240 3711 quidem
1278 3639 1590 3715 systematis
1631 3655 1894 3712 sequaces
