2340 3990
828 228 844 237 .
885 270 1015 317 PARS
1042 269 1259 316 OCTAVA.
1933 265 2022 311 415

213 386 541 442 Ancuumrnu
565 382 649 437 lll.
669 413 743 421 —
758 363 839 436 Εω
861 396 920 435 eo
947 377 1084 451 quod
1108 377 1235 432 'solis
1272 375 1405 448 (jure
1434 372 1724 441 ordinario)
1751 370 2022 446 Episcopis

79 540 82 542 ,
142 483 358 541 οοηεὶίἱα
400 487 646 538 constent.
674 508 742 518 —
765 497 793 529 «
819 474 1057 548 Alioqui,
1086 473 1161 528 ait
1186 470 1446 528 Melchior
1467 471 1667 536 CanuS‚
1697 487 1807 525 non
1843 471 2023 526 solum

142 581 390 655 Episcopi
434 579 502 634 ad
546 575 824 633 ferendam
870 572 1196 628 sententiam
1242 569 1559 645 synodalem
1604 567 2024 637 adhiberentur,

143 678 236 735 sed
261 677 424 733 etiam
453 673 597 732 docti
633 669 894 743 theologi,
926 674 979 725 et
1007 667 1112 723 viri
1148 667 1206 722 in
1233 666 1470 723 Ecclesia
1511 665 1838 740 prudentes;
1883 663 2028 737 quod

143 775 452 832 inauditum
485 777 587 841 est,
629 774 929 843 contraque
967 767 1197 822 formam
1234 770 1484 821 actorum
1527 764 1596 820 15
1626 763 2025 838 praescripta‘m‚

143 872 238 929 ubi
266 870 491 946 apostoli
525 875 739 925 tantum
770 885 896 922 cum
927 863 1261 941 presbyteris
1287 863 1353 918 de
1390 861 1515 918 fidei
1550 862 1851 935 quaestione
1879 860 2029 934 judi-

144 973 358 1024 carunt.
404 968 534 1022 Cum
575 964 744 1037 igitur
787 961 1045 1021 Ecclesiae
1079 965 1342 1034 perpetuo
1384 976 1488 1014 usu
1532 958 1634 1014 soli
1680 965 1924 1032 pastores
1971 957 2029 1011 in

146 1066 379 1122 coneilio
405 1064 650 1125 sedeant,
679 1077 1024 1133 consequens
1052 1058 1131 1126 fit,
1161 1074 1419 1112 censores
1443 1074 1536 1112 eos
1561 1074 1704 1127 esse,
1729 1075 1840 1112 non
1867 1057 2030 1112 modo

146 1163 509 1219 consultores
542 1160 677 1214 Nam
716 1157 762 1212 si
793 1162 854 1212 ut
882 1154 1236 1210 consulerent
1263 1153 1685 1221 advocarentur,
1723 1152 1790 1208 iis
1814 1151 2034 1224 Episeo-
2089 1162 2096 1171 ’

146 1261 230 1334 pis
261 1260 353 1333 qui
380 1255 663 1329 theologiae
706 1253 873 1309 rudes
910 1258 963 1308 et
992 1250 1235 1324 imperiti
1273 1255 1479 1319 essent,
1515 1250 1705 1305 nullus
1738 1255 1885 1305 esset
1917 1267 2032 1304 om-

148 1357 279 1411 nino
314 1357 371 1410 in
412 1352 644 1408 coneilio
678 1351 855 1415 locuS,
894 1348 1111 1420 quando
1150 1347 1434 1419 theologiae
1467 1347 1701 1418 quaestio
1736 1346 1948 1402 veniret
1977 1346 2062 1400 in»

151 1450 383 1504 dubium
407 1470 434 1500 n
467 1447 553 1519 (de
580 1445 702 1499 locis
731 1443 930 1507 Theol.,
958 1441 1055 1495 lib.
1088 1440 1143 1509 V,
1169 1459 1215 1496 c.
1250 1442 1322 1503 v).

228 1546 459 1616 Objicie&
484 1541 617 1597 —Si
644 1558 836 1596 omnes
861 1538 1107 1612 Episcopi
1128 1545 1310 1594 essent
1329 1538 1568 1611 judieeS,
1598 1546 1880 1596 teneretur
1904 1541 2037 1596 Pon-

154 1642 277 1696 tifex
295 1641 389 1713 qui
416 1638 652 1694 concilio
679 1636 926 1710 praesidet
950 1636 1005 1689 in
1028 1635 1262 1690 decretis
1291 1635 1561 1692 faciendis
1588 1637 1741 1710 sequi
1768 1638 2035 1710 majorem

154 1743 363 1808 partem
396 1735 808 1808 Episcoporum.
831 1734 896 1788 At
926 1733 1259 1807 salsumest,
1296 1751 1423 1787 cum
1448 1733 1712 1789 Damasus
1739 1734 2036 1790 irritaverit

150 1840 266 1888 acta
309 1833 527 1888 concilii
574 1831 941 1897 ArminensiS,
985 1816 1401 1904 quibus-major
1462 1850 1589 1904 pars
1642 1832 2030 1906 Episcoporum

152 1932 526 1996 consenserat,
550 1932 610 1981 ut
635 1931 783 1999 patet
818 1946 880 1982 ex
908 1927 1139 1998 epistola
1166 1928 1377 1983 Damasi
1406 1928 1469 1983 ad
1493 1928 1690 2000 lllyrici
1718 1927 2031 2001 Episcopos;

153 2031 202 2080 et
228 2025 326 2079 Leo
360 2024 630 2096 quoddam
660 2023 955 2078 irritaverit
985 2023 1436 2080 Chalcedonensis
1473 2025 1691 2080 concilii
1726 2026 2030 2082 decretum.

155 2122 242 2176 eui
270 2122 433 2176 etiam
463 2120 637 2192 major
668 2138 790 2193 pars
821 2128 1152 2176 assenserat.

230 2220 532 2292 Respondeo
557 2241 571 2270 :
600 2219 900 2274 'feneretur
924 2219 1062 2292 Papa
1086 2220 1351 2292 majorem
1375 2225 1586 2294 partem
1615 2220 1790 2292 sequi,
1823 2220 1866 2275 si
1893 2226 2037 2275 esset

155 2319 499 2374 solummodo
535 2316 757 2373 concilii
800 2334 1022 2389 praeses.
1074 2317 1179 2372 Sed
1222 2324 1300 2373 est
1343 2318 1507 2373 simul
1550 2318 1720 2374 totius
1762 2318 2034 2386 Ecelesiae,

155 2422 317 2489 atque
351 2415 526 2488 ipsius
563 2415 724 2469 etiam
761 2414 978 2469 concilii
1009 2414 1263 2488 princeps
1298 2436 1358 2472 ae
1403 2435 1696 2489 supremus
1738 2417 2038 2490 pastor.>Et

156 2513 207 2567 vi
236 2513 401 2586 hujus
428 2511 614 2581 ot'ficii,
642 2529 750 2565 non
788 2515 1000 2566 tantum
1032 2517 1231 2583 potest,
1254 2513 1348 2568 sed
1379 2513 1547 2568 etiam
1573 2520 1792 2569 tenetur
1817 2513 2036 2569 concilii

158 2609 339 2664 Patres
363 2609 457 2682 qui
485 2614 694 2671 errant,
737 2607 848 2663 sive
887 2608 1047 2680 pauci
1073 2610 1200 2681 sint,
1223 2611 1335 2666 sive
1370 2610 1554 2680 multi,
1581 2611 1856 2683 corrigere
1894 2630 1956 2666 ae
1984 2612 2038 2665 in

159 2724 282 2760 vera
330 2706 435 2761 fide
478 2706 824 2761 confirmare.
880 2705 979 2760 Pro
1023 2724 1132 2779 quo
1176 2706 1279 2779 ipsi
1333 2706 1608 2780 promissa
1651 2713 1732 2762 est
1778 2707 2042 2762 divinitus

156 2801 466 2856 assistentia
498 2820 508 2852 :
548 2802 653 2873 qu
680 2803 858 2871 royavi
889 2820 987 2873 pro
1019 2810 1090 2870 te,
1127 2811 1180 2856 nt
1202 2822 1305 2857 non.
1336 2806 1540 2876 deficiat
1563 2805 1692 2875 sides
1729 2812 1887 2859 tua...
1927 2824 2044 2859 con-

155 2899 307 2967 firma
344 2900 537 2969 fratres
578 2905 709 2951 tuos.
749 2896 884 2969 Papa
927 2896 1093 2968 igitur
1129 2917 1235 2953 non
1278 2907 1360 2954 est
1399 2901 1541 2955 sicut
1583 2918 1788 2973 praeses
1827 2920 1856 2955 a
1899 2902 2043 2972 Rege

157 2994 510 3062 constitutus,
540 2994 634 3065 qui
670 2998 889 3049 tenetur
916 2995 1185 3066 majorem
1217 2996 1467 3068 judicum
1503 3005 1713 3071 partem
1745 2999 1800 3053 in
1828 3006 2044 3055 senten-

158 3091 230 3146 tia
263 3090 682 3170 ferenda-sequi3
725 3091 817 3146 sed
858 3098 937 3146 est
973 3091 1116 3147 sieut
1146 3092 1252 3147 Rex
1278 3092 1390 3167 ipse
1431 3095 1658 3150 relative
1683 3097 1747 3150 ad
1775 3096 1922 3152 istud
1944 3096 2042 3152 tri-

158 3185 346 3242 bunal.
391 3188 570 3242 Potest
612 3205 810 3260 nempe
857 3205 948 3242 rex
989 3207 1016 3242 a
1063 3189 1257 3263 majori
1291 3189 1545 3262 judicum
1587 3201 1737 3265 parte
1774 3193 2041 3265 prolatam

162 3285 486 3340 sententiam
512 3285 843 3340 rescindere.
880 3286 1133 3354 Proinde,
1159 3287 1206 3342 si
1234 3289 1492 3360 possibile
1523 3290 1590 3344 sit
1618 3308 1802 3344 errare
1828 3290 1883 3344 in
1915 3309 2043 3346 con-

161 3383 286 3439 eilio
306 3383 647 3438 oecumenico
670 3383 934 3455 majorem
956 3384 1347 3459 Episcoporum
1373 3395 1605 3460 partem,
1636 3406 1741 3443 non
1768 3389 2046 3444 tenebitur

162 3479 298 3554 Papa
332 3487 576 3536 errantes
604 3480 780 3552 sequi,
809 3498 989 3552 neque
1015 3482 1118 3536 hoc
1148 3484 1396 3555 sequitur
1422 3503 1486 3539 ex
1518 3502 1582 3539 eo
1616 3485 1756 3557 quod
1791 3486 2043 3559 Episcopi

165 3577 274 3632 sint
300 3577 538 3650 judices.
571 3577 719 3646 Dico,
747 3579 791 3632 si
816 3578 1063 3648 possibile
1102 3581 1172 3634 sit
1189 3598 1366 3636 errare
1393 3583 1641 3654 majorem
1671 3582 2042 3655 Episcoporwn
