2352 4126
281 324 310 369 ⁴
953 316 1250 366 TRACTATUS
1281 316 1346 362 DE
1379 315 1503 362 PAPA
1514 352 1526 362 .

281 428 553 498 Primum,
586 429 750 486 Beato
785 428 941 484 Petro
977 427 1212 500 ejusque
1254 423 1671 481 successoribus
1712 423 1911 482 Christi
1945 425 2192 494 vicariiS‚

284 529 505 604 ipsique
534 528 791 586 Ecclesiae
827 519 1020 583 rerum
1055 523 1434 600 spiritualium
1460 530 1512 581 et
1554 524 1622 581 ad
1651 528 1916 580 aeternam
1958 527 2196 583 salutem

285 629 711 705 pertinentium,
739 645 856 683 non
883 629 1070 681 autem
1098 623 1347 680 civilium
1373 642 1436 681 ac
1462 624 1860 699 temporalium
1899 642 1929 679 a
1955 624 2061 682 Deo
2083 634 2197 683 tra-

289 728 460 786 ditam
489 732 842 804 potestatem,
873 723 1096 780 dicente
1119 722 1350 779 Domino
1382 745 1392 776 :
1427 723 1661 796 Reqnam
1697 742 1867 779 meum
1899 741 2005 778 non
2033 732 2109 779 est
2137 726 2200 780 de

292 831 383 885 hoc
423 828 615 884 mundo
639 848 654 879 .·
696 832 751 882 et
792 825 1041 881 iterum:
1081 824 1305 881 Reddite
1346 842 1466 897 erqo
1503 842 1619 896 quae.
1657 831 1781 879 sant
1823 823 2049 881 Caesaris
2089 823 2200 881 Cae-

296 929 425 994 sari,
471 935 520 983 et
563 944 679 999 qaae
725 934 847 982 suut
882 925 979 981 Dei
1024 925 1135 981 Deo
1178 946 1194 977 .·
1247 942 1311 980 ac
1351 923 1589 999 proinde
1633 932 1781 981 stare
1821 924 2201 998 Apostolicum

295 1025 437 1081 illud
468 1047 478 1080 ε
521 1024 698 1082 Omnis
725 1029 905 1081 anima
931 1025 1275 1099 potestatibus
1303 1023 1692 1079 sublimioribus
1732 1026 1942 1080 subdita
1975 1027 2067 1091 sit‚·
2095 1043 2203 1081 uon

295 1133 371 1181 est
399 1127 535 1181 enim
569 1132 808 1199 potestas
843 1126 945 1180 uisi
979 1143 1010 1180 a
1043 1125 1177 1190 De0‚·
1211 1143 1319 1197 quiae
1346 1132 1518 1180 autem
1556 1133 1700 1191 sunt,
1747 1143 1779 1180 a
1811 1125 1920 1180 Deo
1957 1126 2205 1182 ordinata

292 1232 413 1280 sunt
435 1246 450 1277 .·
479 1227 656 1296 itaque
683 1226 769 1296 qui
787 1226 1043 1297 potestati
1066 1225 1281 1291 resistit,
1307 1223 1404 1279 Dei
1435 1223 1760 1279 ordinationi
1785 1227 2002 1280 resistit.
2031 1224 2204 1299 Reges

289 1342 420 1399 ergo
459 1333 511 1382 et
544 1323 830 1398 Principes
868 1325 926 1380 in
962 1324 1368 1399 temporalibus
1404 1323 1548 1379 nulli
1588 1323 1980 1380 ecclesiasticae
2021 1327 2205 1400 potes-

294 1423 387 1479 tati
412 1424 506 1480 Dei
539 1423 892 1480 ordinatione
931 1423 1153 1497 subjici,
1187 1441 1368 1497 neque
1404 1422 1731 1480 auctoritate
1757 1422 1999 1478 clavium
2023 1423 2206 1479 Eccle-

293 1523 388 1580 siae
413 1524 620 1580 directe
654 1524 739 1580 vel
770 1523 1040 1579 indirecte
1082 1522 1304 1597 deponi,
1345 1527 1441 1578 aut
1476 1521 1705 1577 illorum
1747 1521 2006 1578 subditos
2038 1521 2205 1576 eximi

294 1642 322 1678 a
352 1623 460 1679 fide
485 1630 652 1698 atque
680 1622 996 1680 obedientia
1023 1641 1086 1678 ac
1112 1623 1361 1697 praestito
1387 1621 1670 1679 fidelitatis
1698 1627 2043 1677 sacramento
2070 1621 2206 1676 solvi

294 1742 477 1798 posse3
505 1741 741 1797 eamque
768 1722 1098 1779 sententiam
1126 1721 1363 1796 publicae
1386 1722 1777 1796 tranquillitati
1806 1722 2204 1784 necessariam,

296 1835 397 1873 nec
422 1816 613 1872 minus
646 1814 905 1871 Ecclesiae
934 1833 1103 1888 quam
1139 1814 1375 1888 imperio
1405 1814 1625 1882 utilem,
1670 1818 1731 1868 ut
1761 1813 1940 1868 Verbo
1970 1812 2085 1878 Dei,
2118 1812 2211 1867 Pa-

296 1924 448 1972 trum
491 1915 781 1972 traditioni
830 1922 883 1971 et
924 1919 1246 1971 sanctorum
1295 1913 1566 1987 exemplis
1610 1930 1940 1979 consonam,
1980 1911 2211 1969 omnino

296 2016 668 2071 retinendam.
699 2038 726 2069 »

375 2113 454 2169 Ibi
487 2131 618 2170 sane
655 2114 1012 2188 apertissime
1049 2120 1285 2187 negatur
1318 2113 1581 2186 quaelibet,
1613 2119 1664 2170 et
1702 2114 1814 2169 sive
1852 2113 2066 2169 directa
2100 2110 2214 2168 sive

299 2212 590 2283 indirecta⁷
624 2213 858 2269 Romani
884 2212 1161 2269 Pontificis
1201 2218 1440 2285 potestas
1466 2212 1525 2266 in
1558 2230 1675 2267 rem
1711 2211 2073 2285 temporalem
2112 2210 2214 2267 Re-

301 2329 430 2383 gum
464 2316 517 2366 et
543 2311 887 2384 Principum.
920 2311 1196 2365 Erroneus
1224 2327 1354 2382 ergo
1380 2309 1673 2375 articulus,
1699 2308 1745 2364 si
1772 2314 1917 2364 certa
1944 2308 2216 2381 probetur

301 2408 581 2481 ejusmodi
609 2408 842 2463 Romani
878 2408 1162 2464 Pontificis
1201 2408 1520 2477 auctoritaS‚
1557 2407 1808 2482 quamvis
1844 2425 1955 2462 non
1983 2407 2211 2462 dirima-

301 2515 396 2563 tur
429 2507 683 2581 quaestiO,
713 2526 784 2563 an
816 2507 1026 2564 directa
1054 2508 1141 2564 vel
1169 2508 1439 2565 indirecta
1471 2507 1704 2564 dicenda
1737 2508 1826 2564 sit.

378 2608 656 2663 Paorosmo
689 2608 790 2661 tva.
809 2608 1177 2681 —Praecipua
1203 2616 1252 2663 et
1280 2609 1496 2664 maximi
1514 2610 1762 2663 momenti
1790 2610 2009 2680 quaestio
2040 2616 2112 2662 est
2143 2624 2208 2661 an

304 2708 539 2764 Romano
582 2707 828 2782 Pontifici
863 2709 988 2781 jure
1045 2709 1215 2763 divino
1258 2716 1516 2780 competat
1556 2726 1679 2763 vera
1726 2715 1962 2781 potestas
2012 2710 2064 2761 in
2106 2724 2215 2761 rem

309 2808 646 2881 temporalem
679 2817 930 2864 statuum.
969 2807 1150 2875 Qualis
1179 2818 1352 2863 autem
1379 2810 1489 2863 haec
1509 2814 1747 2880 potestas
1775 2809 1865 2872 sit,
1918 2807 2117 2861 directa
2152 2823 2217 2860 ue

304 2926 370 2962 cm
410 2909 689 2974 indirecta,
734 2915 813 2963 est
850 2909 1162 2963 secundaria
1203 2926 1294 2962 sev
1330 2909 1547 2962 minoris
1589 2907 1841 2962 momenti
1879 2907 2115 2978 quaestio,
2143 2937 2220 2944 —

303 3004 346 3059 l'.
391 3003 445 3059 Si
490 3006 738 3061 Romano
783 3004 1034 3061 Pontifici
1077 3020 1207 3061 vera
1251 3011 1530 3079 competat
1573 3005 1631 3060 in
1681 3023 1798 3061 rem
1851 3002 2218 3076 temporalem

308 3107 555 3158 statuum
584 3108 847 3176 potestas⁷
877 3104 1099 3159 etiamsi
1139 3109 1384 3177 potestas
1418 3103 1531 3158 baec
1561 3103 1830 3159 indirecta
1867 3100 2221 3157 solummodo

308 3201 398 3267 sit,
445 3202 700 3276 sequitur
742 3203 1036 3259 societates
1071 3201 1284 3268 civiles,
1321 3202 1450 3259 licet
1490 3202 1558 3259 ab
1601 3201 1841 3258 Ecclesia
1874 3200 2002 3273 jure
2034 3200 2221 3256 divino

310 3302 625 3373 distinctas,
661 3321 774 3358 non
808 3320 930 3359 esse
963 3307 1152 3359 tamen
1178 3303 1246 3359 ab
1271 3303 1391 3377 ipsa
1422 3302 1881 3378 independenteS,
1919 3302 2015 3359 sed
2043 3321 2072 3359 e
2097 3320 2224 3359 con·

311 3411 395 3460 tra
431 3403 481 3460 ei
506 3404 634 3478 jure
659 3402 847 3458 divino
890 3402 1119 3460 subesse
1150 3403 1331 3477 quoad
1366 3403 1627 3460 materias
1661 3421 1856 3458 omnes
1898 3420 2022 3477 quae
2048 3402 2219 3458 finem

311 3502 587 3571 Ecclesiae,
625 3501 682 3556 id
717 3506 821 3568 est,
853 3501 1092 3558 salutem
1118 3502 1459 3568 animarum,
1503 3501 1811 3577 praepedire
1847 3507 2097 3575 possent.
2129 3500 2222 3556 Se·

313 3601 506 3675 quitur
537 3601 772 3676 proinde
812 3618 974 3674 posse
1008 3617 1038 3654 a
1065 3599 1314 3658 Romano
1347 3600 1631 3668 pontifice,
1662 3605 1854 3674 utpote
1884 3601 2106 3673 plenam
2134 3616 2221 3654 re-

317 3700 505 3774 gendae
543 3700 875 3758 universalis
917 3699 1169 3756 Ecclesiae
1207 3708 1536 3777 potestatem
1583 3700 1888 3768 obtinente,
1935 3700 2221 3778 prohiberi
