2340 3990
925 307 1054 357 PARS
1088 304 1304 362 QUARTA.
1969 296 2056 344 205

262 423 318 478 6ο
356 420 717 476 Testimonium
740 417 874 472 beati
897 413 1169 485 Auyustini
1197 409 1259 466 de
1292 407 1521 467 Ancona.
1544 435 1612 445 -
1634 400 1774 458 Vixit
1795 401 1842 457 is
1869 401 1940 457 85
1965 417 2063 455 an-

190 537 312 588 nOS,
329 526 381 575 et
403 517 535 574 obiit
557 533 699 572 anno
725 512 887 570 1528.
915 508 1255 584 «Gregorius
1271 507 1333 577 V,
1350 503 1808 579 inquit,tempore
1831 497 2064 554 Othonis

84 632 91 640 ·
194 614 560 691 imperatoris,
601 609 908 669 convocatis
950 615 1000 662 et
1040 605 1317 679 requisitis
1357 601 1696 679 principibus
1737 597 2060 665 Alemaniae,

194 720 398 789 septem
423 712 683 768 electores
714 704 968 768 instituit,
998 703 1257 759 officiales
1283 701 1458 776 ipsius
1484 699 1650 756 curiae
1674 696 2000 773 imperialis.
2032 715 2059 747 »

196 812 278 879 (ln
307 811 546 870 Summa,
575 805 640 860 de
665 806 927 878 potestate
951 798 1227 870 Ecclesiae,
1255 819 1307 873 q.
1337 799 1431 868 55,
1460 803 1563 854 art.
1595 797 1676 870 2.)

274 907 326 962 7⁰
358 902 714 960 Testimonium
729 900 893 954 sancti
916 898 1181 952 Antonini.
1204 928 1268 936 —
1289 916 1315 947 «
1341 894 1489 949 Sicut
1517 899 1700 949 autem
1725 909 1861 967 papa
1886 894 2064 965 potest

198 1003 397 1076 eligere
425 1001 834 1074 imperatorem,
865 996 938 1051 ita
971 995 1150 1070 potuit
1178 994 1442 1050 electores
1476 991 1695 1066 imperii
1744 990 2059 1054 instituere,

196 1106 247 1157 et
275 1098 551 1156 institutos
580 1101 791 1150 mutare
822 1112 884 1150 ex
906 1111 1072 1149 causa
1098 1090 1429 1158 rationabili,
1461 1090 1606 1145 sicut
1630 1089 1797 1144 etiam
1825 1090 2060 1163 impera-

192 1202 362 1252 torem
392 1194 624 1250 electum
651 1196 825 1265 potest
863 1207 975 1244 non
1001 1188 1347 1258 confirmare,
1388 1191 1441 1241 et
1467 1186 1857 1241 confirmatum
1900 1186 2065 1271 depo-

190 1310 337 1348 nere.
366 1290 463 1346 Ubi
487 1289 770 1345 sciendum
794 1287 940 1360 quod
965 1285 1260 1359 Gregorius
1288 1284 1345 1353 V,
1367 1288 1615 1356 tempore
1639 1282 1867 1338 Othonis
1895 1282 2067 1356 impe-

191 1389 408 1453 ratoris,
433 1386 738 1444 convocatis
762 1390 815 1441 et
839 1384 1118 1458 requisitis
1147 1382 1491 1458 principibus
1519 1381 1834 1447 Alemaniae,
1859 1386 2070 1455 septem

193 1488 451 1543 electores
478 1486 734 1551 instituit,
757 1507 782 1537 »
801 1489 954 1540 etc...
973 1483 1054 1558 (In
1073 1484 1320 1551 Summa,
1338 1483 1437 1538 lib.
1455 1481 1600 1551 XXII,
1620 1501 1738 1556 cap.
1768 1502 1816 1549 v,
1843 1481 2071 1552 215.—

193 1584 252 1637 T.
279 1583 365 1651 lll,
394 1601 446 1655 p.
480 1582 641 1646 1225,
669 1581 797 1637 edit.
831 1581 1071 1650 Veronae,
1098 1580 1286 1653 1740.)

275 1680 326 1733 8⁰
357 1678 574 1733 Jacobus
594 1677 1026 1750 Wymphelinyins
1046 1677 1330 1734 Germanus
1356 1678 1599 1748 scriptor.
1620 1708 1695 1715 —
1715 1696 1742 1727 «
1771 1674 2067 1748 Gregorius

201 1773 407 1846 cognita
436 1773 652 1845 imperii
692 1774 1082 1844 imbecillitate,
1124 1773 1494 1845 varietateque
1524 1772 1781 1841 fortunae,
1819 1778 1987 1843 utque
2017 1770 2064 1825 is

200 1869 293 1944 qui
317 1869 521 1926 caeteris
544 1870 747 1926 virtute
772 1877 1075 1944 praestaret,
1103 1875 1359 1943 praeesset
1387 1868 1553 1923 etiam
1591 1868 1878 1942 dignitate,
1913 1885 2069 1922 sanc-

197 1965 394 2021 tionem
419 1966 564 2035 tulit,
582 1967 725 2021 haud
755 1968 1029 2022 abnuente
1054 1965 1286 2034 Othone,
1303 1965 1370 2020 de
1395 1965 1726 2038 imperatore
1752 1964 2066 2036 deligendO,

190 2080 330 2118 anno
360 2063 558 2119 Christi
590 2064 754 2134 1002,
783 2084 945 2138 quam
983 2082 1158 2138 usquc
1184 2064 1252 2119 ad
1282 2070 1469 2119 nostra
1510 2069 1756 2138 tempora
1795 2069 2067 2118 servatam

185 2160 454 2232 videmuS,
482 2162 733 2218 videlicet
755 2163 889 2218 solis
912 2163 1196 2218 Germanis
1223 2163 1388 2219 licere
1415 2163 1724 2236 principem
1748 2162 1952 2235 eligere
1976 2161 2070 2235 qui

185 2258 357 2314 Caesar
383 2267 433 2315 et
461 2260 832 2316 Romanorum
870 2280 963 2318 rex
1002 2263 1332 2336 appellatUS,
1367 2267 1484 2317 tuin
1522 2261 1743 2317 demum
1775 2260 2075 2334 imperator

185 2362 237 2411 et
263 2357 536 2430 Augustus
568 2334 881 2431 haberetur,
907 2360 952 2416 si
974 2379 1097 2416 eum
1114 2360 1392 2416 Romanus
1421 2359 1666 2434 pontifex
1689 2359 2020 2415 inunxisset.
2046 2380 2072 2411 »

190 2454 456 2528 (Epitome
487 2474 674 2512 rerum
710 2459 1183 2526 Germanicarum,
1226 2478 1347 2534 cap.
1392 2478 1476 2516 xx.
1500 2458 1746 2533 —Apud
1785 2458 2073 2526 Bellarm.,

188 2558 227 2607 t.
256 2554 319 2619 II,
350 2573 402 2628 p.
430 2556 559 2623 557,
590 2556 750 2612 editio
775 2557 996 2627 Veneta,
1027 2559 1221 2630 1721.)

260 2650 317 2704 9⁰
351 2652 587 2708 Albertus
627 2655 929 2710 Krantz.—
957 2678 983 2708 «
1010 2656 1175 2711 Paulo
1207 2655 1356 2711 enim
1395 2661 1581 2730 postea
1622 2674 1788 2729 quam
1831 2655 2068 2712 redierat

191 2746 544 2822 (Gregorius),
585 2769 704 2807 eam
747 2753 871 2809 fecit
908 2755 974 2810 de
1014 2754 1360 2828 imperatoris
1390 2754 1657 2810 electione
1700 2754 2061 2820 sanctionem,

191 2862 354 2917 quam
381 2846 489 2901 huc
509 2865 684 2920 usque
704 2867 800 2922 per
822 2867 996 2906 annos
1013 2853 1126 2924 jam
1151 2851 1475 2924 quingentos
1504 2857 1766 2907 servatam
1790 2851 2063 2921 videmus,

188 2943 318 2998 solis
346 2943 506 3000 licere
531 2944 812 3003 Germanis
837 2948 932 3020 qui
959 2949 1086 3004 inde
1118 2950 1381 3006 electores
1411 2955 1544 3006 sunt
1574 2950 1727 3021 dicti,
1755 2951 2062 3026 principem

187 3039 440 3112 deligere,
466 3042 560 3116 qui
591 3043 759 3099 Caesar
784 3052 912 3101 tunc
939 3053 993 3102 et
1023 3046 1391 3103 Romanorum
1426 3066 1523 3104 rex
1559 3050 1764 3120 dictus,
1811 3048 1857 3105 si
1893 3068 1921 3104 a
1955 3049 2058 3104 Ro-

189 3152 345 3192 mano
375 3140 624 3211 pontifice
653 3144 1022 3213 coronabitur,
1044 3145 1340 3219 imperator
1362 3147 1643 3221 Augustus
1674 3148 2000 3223 appelletur.
2027 3168 2054 3199 »

193 3228 456 3302 (Saxonia,
480 3236 519 3292 l.
542 3237 623 3307 IV,
644 3256 692 3294 c.
718 3241 857 3311 xxv.)

216 3337 218 3339 ’
266 3325 354 3380 100
379 3328 606 3386 Joannes
646 3333 965 3393 NaucleruS.
986 3371 1056 3380 -—
1077 3360 1103 3392 «
1125 3339 1332 3396 Salvari
1363 3346 1540 3415 potest
1575 3341 1722 3415 quod
1754 3359 1818 3396 ex
1859 3356 2054 3394 monu-

193 3421 388 3475 mentis
420 3425 777 3496 Aquileiensis
807 3434 1058 3492 Ecclesiae
1086 3438 1350 3493 traditum
1378 3439 1682 3508 invenitur,
1714 3436 2052 3493 sanctionem

192 3517 258 3572 de
301 3518 622 3592 imperatore
667 3545 695 3601 a
727 3529 1009 3588 Germanis
1054 3536 1366 3608 deligendo,
1398 3537 1658 3612 Sylvestri
1706 3534 2052 3607 temporibus

190 3614 382 3670 saetam
410 3635 548 3674 esse.
580 3621 710 3679 Nam
736 3634 789 3681 et
814 3627 861 3683 si
899 3629 1186 3704 Gregorius
1227 3634 1567 3691 sanctionem
1610 3631 1930 3706 instituerit,
1957 3632 2053 3692 ille
