2340 3990
843 290 971 337 PARS
1001 288 1216 336 0011111.
1891 258 1982 341 119

95 399 447 458 infallibilem
473 403 522 455 et
543 396 926 470 obligatoriam
956 394 1086 451 fidei
1113 391 1438 450 definiendae
1458 394 1838 452 auctoritatem
1858 415 1981 456 esse

0 539 5 542 -
99 514 266 571 penes
289 493 582 552 concilium
610 491 889 564 generale,
917 489 1248 546 assentiente
1274 489 1412 563 Papa
1439 489 1731 549 definiens.
1758 493 1875 550 Non
1902 496 1984 552 di·

103 596 283 651 cimus
310 611 415 648 non
434 611 562 648 csse
599 593 701 646 nisi
733 608 894 662 penes
926 590 1195 645 concilium
1226 590 1472 662 definiens
1510 609 1624 647 cum
1651 592 1820 666 Papa,
1850 594 1981 666 quia

100 694 184 746 est
209 689 371 745 eliam
403 688 460 742 in
488 687 604 742 solo
634 687 772 760 Papa
798 685 1093 742 definiente
1119 685 1238 741 sine
1267 685 1519 752 concilim
1548 693 1715 761 prout
1740 690 1982 746 secunda

99 794 252 862 parte
287 787 583 862 probatum
614 790 715 840 est.

172 881 449 937 Pnoposmo
482 881 567 936 11².
589 912 654 920 —
677 882 963 939 Concilium
991 878 1249 950 generale,
1291 881 1346 933 in
1383 896 1480 950 quo
1516 878 1664 952 Papa
1699 898 1801 935 non
1839 881 1988 937 adest

97 998 193 1052 per
213 999 286 1046 se,
310 982 400 1036 secl
416 999 513 1053 per
537 981 775 1052 Legatos,
792 987 1071 1051 postquam
1095 979 1157 1032 ab
1183 981 1296 1049 ipso
1325 977 1475 1049 Papa
1498 980 1860 1050 confirmatum
1886 987 1983 1046 est,

102 1085 180 1132 est
206 1078 501 1149 infallibilis
527 1077 705 1150 rcyula
726 1076 868 1147 fidei.
892 1074 1043 1128 —De
1069 1072 1163 1127 illa
1190 1071 1566 1144 propositione
1591 1072 1724 1128 dicit
1749 1073 1947 1131 Suarez
1972 1097 1984 1130 :

105 1176 246 1230 «Est
276 1175 504 1230 assertio
541 1175 608 1229 de
645 1174 770 1239 fide,
817 1172 874 1224 in
918 1187 1026 1241 qua
1065 1186 1258 1223 omnes
1298 1169 1553 1223 catholici
1594 1172 1987 1227 conveniunt»

106 1274 189 1345 (dc
217 1273 366 1342 Fide,
401 1271 541 1343 disp.
576 1270 634 1338 V,
670 1273 802 1324 sect.
841 1286 922 1332 vu,
953 1284 1009 1320 n.
1056 1265 1134 1336 9).
1165 1265 1243 1319 Ad
1282 1283 1403 1320 eam
1438 1256 1779 1338 probandam
1807 1271 1992 1326 valent

100 1370 342 1425 rationes
382 1368 586 1438 quibus
630 1364 944 1438 praecedens
995 1363 1223 1433 probata
1261 1368 1364 1417 est.
1404 1364 1538 1419 Nam
1590 1367 1834 1423 rationes
1873 1370 1992 1425 istae

66 1456 71 1462 ⁶
109 1469 166 1522 111
201 1485 262 1522 eo
290 1465 614 1528 fundantur,
650 1463 796 1534 quod
835 1460 1079 1516 definitio
1116 1460 1187 1516 sit
1215 1461 1551 1533 conjunctim
1585 1463 1831 1521 definitio
1857 1484 1990 1522 con-

106 1563 219 1618 cilii
241 1568 295 1618 et
317 1561 548 1616 Romani
575 1559 870 1614 Pontificis.
900 1559 1064 1613 Porro
1087 1557 1214 1613 licet
1230 1558 1372 1631 Papa
1393 1576 1504 1613 non
1529 1561 1599 1615 sit
1624 1564 1994 1633 personaliter

104 1676 347 1731 praesens
375 1658 431 1711 in
459 1657 714 1723 concilio,
744 1657 838 1712 scd
863 1656 1042 1710 solum
1073 1673 1167 1728 per
1198 1654 1446 1727 Legatos,
1485 1656 1676 1712 statim
1702 1676 1764 1713 ac
1799 1659 1993 1715 defini-

101 1754 305 1809 tionem
335 1753 707 1808 confirmando
750 1752 879 1808 fecit
922 1770 1099 1822 suam,
1139 1769 1330 1813 verum
1370 1752 1452 1821 fit,
1483 1753 1621 1808 illud
1658 1754 1805 1810 idem
1844 1756 1993 1828 quod

104 1850 350 1906 definivit
383 1850 681 1905 concilium
723 1868 753 1905 a
794 1849 933 1924 Papa
962 1849 1126 1906 etiam
1156 1849 1328 1904 fuisse
1371 1849 1682 1907 definitum.
1718 1852 1890 1924 Igitur
1922 1872 1989 1909 ex

103 1946 363 2003 omnibus
385 1946 717 2016 rationibUS,
747 1946 803 1999 in
828 1946 1159 2019 praecedenti
1192 1946 1565 2019 propositione
1591 1949 1863 2016 adductiS,
1895 1953 1990 2007 ha-

100 2043 276 2098 benda
311 2048 394 2098 est
423 2043 672 2098 definitio
702 2060 799 2114 pro
826 2042 1015 2112 regula
1046 2040 1194 2095 fidei.
1229 2072 1306 2081 -
1327 2041 1481 2095 Extat
1514 2048 1778 2115 praeterea
1809 2046 1991 2117 quoad

102 2157 294 2195 casum
321 2140 506 2212 ipsum
533 2138 784 2194 Ecclesiae
811 2136 994 2210 praxis
1029 2142 1083 2191 et
1117 2137 1419 2210 persuasio·
1451 2138 1586 2193 Nam
1619 2141 1782 2213 plura
1811 2159 1840 2196 e
1865 2159 1992 2197 con-

105 2235 248 2290 ciliis
276 2235 645 2307 generalibus,
684 2251 805 2306 quae
842 2251 941 2306 pro
984 2232 1110 2288 fidei
1145 2233 1333 2304 regula
1371 2241 1588 2307 recepta
1626 2235 1802 2305 fuere,
1848 2238 1990 2293 cele-

99 2332 251 2387 brata
290 2338 417 2386 sunt
459 2333 559 2386 hoc
594 2331 778 2385 mod0.
824 2330 881 2383 Id
920 2333 1023 2394 est,
1065 2327 1284 2402 praefuit
1323 2327 1463 2401 Papa
1507 2316 1606 2402 per
1646 2330 1890 2404 LegatOS,
1936 2336 1990 2387 et

98 2433 281 2499 postea
330 2428 697 2483 confirmavit.

168 2526 461 2579 PRoposmo
487 2526 591 2578 111³.
615 2556 682 2565 -
708 2522 923 2588 Quando
949 2522 1128 2594 chuti
1155 2523 1341 2576 habeut
1364 2540 1397 2576 a
1416 2523 1566 2595 Papa
1591 2525 1984 2579 instructionem

88 2602 165 2679 *de
184 2625 335 2678 rebus
361 2627 413 2678 iu
431 2622 744 2694 particulari
769 2612 1096 2691 definiendis,
1127 2628 1176 2674 et
1209 2621 1480 2674 concilium
1499 2623 1656 2692 juxta
1685 2624 1984 2677 instructio-

96 2738 213 2775 uem
247 2720 394 2775 illam
431 2721 625 2791 definit,
673 2720 904 2789 definitio
942 2719 1121 2771 statim
1169 2724 1246 2771 est
1283 2717 1575 2788 infallibilis
1617 2719 1797 2788 requla
1837 2719 1982 2787 fidei,

94 2820 217 2889 quin
253 2817 574 2888 expectanda
601 2819 669 2869 sit
690 2816 899 2887 papalis
927 2816 1270 2884 confirmatio,
1295 2845 1364 2853 —
1386 2834 1412 2864 «
1437 2814 1515 2867 113
1537 2813 1706 2867 etiam
1737 2814 1985 2870 sentiunt

91 2914 461 2970 communiter
488 2912 765 2976 catholici,
798 2916 850 2967 et
873 2917 954 2966 est
980 2928 1068 2965 res
1100 2917 1268 2975 certa;
1307 2910 1438 2983 quia
1461 2910 1572 2966 ’1113
1599 2911 1845 2966 definitio
1864 2913 1982 2984 jam

8 3054 9 3058 1
93 3012 254 3068 habet
282 3029 614 3067 consensum
644 3010 812 3064 totius
845 3000 1088 3077 concilii,
1115 3013 1168 3062 et
1192 3008 1362 3082 Papae,
1403 3025 1515 3063 non
1545 3009 1723 3063 solum
1763 3027 1863 3082 per
1889 3010 1982 3067 Le-

0 3127 4 3160 1
96 3115 268 3181 gatos,
301 3111 396 3165 sed
426 3109 589 3184 etiam
622 3125 722 3180 per
762 3107 1031 3180 seipsum.
1073 3106 1211 3178 Ergo
1240 3105 1402 3161 habet
1443 3112 1651 3162 tantam
1689 3108 1984 3164 auctorita-

0 3190 3 3205 ’
91 3211 202 3263 tem
248 3213 300 3262 et
342 3206 750 3270 certitudinem,
799 3205 946 3260 sicut
984 3203 1231 3259 definitio
1277 3204 1496 3259 concilii
1541 3207 1835 3278 generalis,
1882 3206 1978 3261 ubi

93 3302 242 3359 adest
279 3321 520 3377 praesens
563 3303 722 3375 Papa.
757 3302 906 3357 Patet
934 3301 1348 3382 consequentia,
1389 3303 1520 3375 quia
1560 3308 1624 3357 ut
1660 3303 1793 3372 dixi,
1838 3321 1978 3376 prae-

93 3401 265 3457 sentia
295 3402 380 3456 vel
405 3399 650 3455 absentia
679 3399 984 3473 personalis
1013 3418 1111 3455 seu
1146 3400 1448 3474 corporalis
1474 3417 1674 3473 parum
1707 3401 1900 3467 refert,
1931 3400 1978 3456 si

91 3498 224 3556 alias
251 3505 465 3556 constat
497 3499 564 3554 de
586 3498 793 3571 judicio
818 3504 871 3554 et
895 3497 962 3552 de
986 3515 1259 3554 consensu
1284 3498 1582 3553 Pontificis.
1618 3498 1821 3555 Deinde
1846 3516 1974 3572 pro-

92 3594 272 3665 batur,
304 3587 590 3671 quiaillud
618 3595 940 3667 concilium,
973 3597 1155 3669 quoad
1190 3597 1354 3654 talem
1385 3596 1782 3668 definitionem,
1805 3597 1972 3655 habet
