2340 3990
333 285 427 334 ⁴0⁶
1013 276 1313 333 mmm
1339 277 1589 336 ommi.
1631 273 1634 275 ’
2004 356 2007 359 ,
2198 331 2206 369 ;

333 389 546 466 quibus
580 404 683 467 per
718 390 952 465 Legatos
993 405 1130 447 suos
1150 385 1408 448 Romani
1450 388 1740 450 Pontifices
1776 390 2212 468 Ρῑεωωιι,

332 490 484 566 quod
531 488 757 547 duabus
808 488 937 555 aliis
978 487 1241 548 similiter
1282 496 1396 553 non
1434 481 1799 568 prafuerint,
1824 491 1970 551 nihil
2007 491 2176 553 facit

330 606 474 655 rem,
520 605 654 644 cum
694 593 812 646 toto
848 594 1107 666 tempore
1149 607 1263 664 quo
1298 589 1523 648 duravit
1555 607 1760 648 earum
1802 591 2164 650 celebratior

328 686 541 745 suerint
574 687 959 757 oecumenicae,
1000 694 1057 747 et
1087 689 1204 747 vim
1232 690 1696 749 oecumenicitatis
1731 691 2095 750 solummodo
2126 719 2172 744 v·

329 787 560 846 nuerint
595 807 696 864 per
734 789 1101 847 subsecutam
1137 790 1300 849 Sedis
1331 791 1661 868 Apostolicae
1698 791 2190 852 confirmationem·
2215 837 2230 854 .,

330 886 712 944 adhaesionem
739 888 1103 946 occidentalis
1130 888 1413 963 Ecclesiae,
1437 907 1566 965 quae
1593 891 1915 950 nullatenus
1938 891 1995 948 in
2016 891 2099 951 eis
2132 917 2141 945 ι
2209 920 2212 940 ;

329 987 438 1045 bus
461 988 691 1064 synodis
719 994 1121 1064 repraesentata
1154 989 1357 1047 filerat.
2184 991 2187 993 ’
2220 991 2222 993 ’

407 1087 625 1163 objicies
660 1091 738 1147 1⁰.
762 1089 1230 1166 —Imperatores
1260 1090 1607 1169 praesedisse.
1687 1127 1699 1138 ·

407 1187 720 1264 Respondeo
741 1211 757 1243 .·
779 1190 971 1255 Quoad
991 1189 1420 1247 honorationem
1442 1190 1682 1249 fortasse
1701 1191 1910 1261 locum,
1937 1211 2052 1250 non
2073 1210 2239 1269 quoa

330 1289 721 1347 auctoritatem
751 1295 806 1347 et
830 1295 1186 1364 potestatem.
1226 1290 1382 1364 (Vide
1404 1292 1736 1366 Theoloqiam
1755 1293 2170 1371 Wirceburyens
2233 1336 2242 1346 „

329 1391 373 1442 t.
406 1385 447 1453 1,
477 1405 530 1460 p.
569 1386 705 1458 255,
736 1387 988 1455 Parisiis,
1029 1387 1201 1444 1852.
1232 1418 1302 1428 -
1323 1387 1547 1445 Necnon
1577 1388 2007 1464 Bellarminum,
2033 1392 2099 1449 de
2122 1391 2238 1450 Gor
2287 1463 2290 1470 .

330 1483 485 1552 ciliis,
523 1484 632 1553 1.1,
662 1504 713 1542 c.
751 1488 881 1562 ΗΧ.)
2283 1490 2293 1587 ξ

407 1584 630 1660 objicies
655 1587 1117 1647 ⁶2⁰.—Nonnuua
1144 1588 1615 1661 documentorum
1637 1589 1822 1659 verba,
1848 1607 1974 1665 quae
1997 1590 2187 1648 vident
2281 1599 2292 1682 ,

327 1686 647 1762 exprimere
673 1688 1101 1763 praesidentiam
1133 1689 1310 1747 fuisse
1338 1708 1509 1765 penes
1530 1690 1783 1765 aliquem
1809 1691 2137 1759 orientalem
2164 1693 2245 1750 P«
2281 1753 2293 1790 3

326 1788 653 1855 triarcham,
683 1807 796 1845 non
826 1808 996 1865 penes
1023 1790 1248 1866 Legatos
1280 1791 1517 1848 Romani
1539 1791 1841 1850 Pontificis.
2282 1845 2292 1897 ἰ

403 1888 714 1963 Respondeo
739 1911 755 1943 .-
779 1890 953 1947 Verba
978 1891 1097 1949 haec
1115 1891 1478 1967 intelligenda
1497 1911 1608 1949 non
1632 1911 1756 1951 esse
1777 1894 1844 1951 de
1862 1893 2090 1970 proprie
2110 1892 2199 1950 dic
2246 1959 2250 1967 Ι
2285 1964 2290 1977 ι

326 1985 661 2062 praesidendi
708 1987 893 2045 officio
933 2007 998 2047 ac
1033 1990 1163 2065 jure
1216 1991 1360 2056 (vido
1403 1991 1811 2050 Bellarminum
1854 1999 1909 2051 et
1944 1993 2197 2051 Wircebu
2232 2013 2240 2024 ’
2283 1982 2293 2078 ζ

329 2105 529 2160 genses
554 2088 719 2146 citato
746 2088 912 2154 loco).
1694 2095 1702 2110 “
2271 2146 2291 2195 j
2319 2108 2329 2177 f

331 2279 354 2331 g
374 2278 413 2319 7.
441 2301 494 2309 -
513 2279 570 2320 Ad
587 2280 822 2322 Romanum
840 2280 1088 2324 Pontificem
1100 2280 1174 2333 jus
1197 2281 1384 2335 pertinet
1412 2283 1644 2326 concilium
1669 2285 1980 2327 oecumenicum
1998 2284 2131 2327 dissol
2145 2302 2150 2309 -
2166 2303 2224 2323 ω.
2284 2245 2293 2273 ⁷³

1053 2354 1096 2391 et
1122 2349 1205 2390 alio
1229 2350 1530 2393 transferendi.
2244 2384 2247 2389 .
2273 2344 2293 2404 '3

404 2470 463 2526 Id
488 2488 754 2548 expresse
778 2471 1078 2530 declaravit
1109 2473 1414 2531 concilium
1443 2475 1857 2534 oecumenicum
1887 2476 2191 2533 Lateranen
2236 2422 2293 2526 τ’,

328 2569 592 2644 quintum
629 2571 737 2628 suh
771 2571 950 2630 Leone
979 2573 1043 2641 X,
1077 2573 1328 2631 sessione
1355 2594 1424 2644 xi,
1466 2574 1556 2632 his
1592 2574 1816 2633 verbis:
1866 2575 2109 2632 «Solum
2147 2574 2231 2630 Ru>
2267 2538 2292 2596 ς

330 2687 563 2726 manum
589 2669 939 2740 Pontificem,
975 2678 1245 2746 tanquam
1273 2692 1445 2748 super
1477 2676 1669 2732 omnia
1701 2675 1932 2732 concilia
1955 2674 2230 2732 auctorita

327 2775 442 2826 tem
469 2770 792 2838 habentem,
815 2771 1188 2828 conciliorum
1211 2771 1667 2842 indicendorum,
1691 2774 2177 2849 transferendorum
2203 2812 2209 2823 .
2255 2847 2259 2853 ,

328 2869 786 2926 dissolvendarum
814 2871 1042 2943 plenum
1060 2872 1155 2946 jus
1174 2875 1229 2927 et
1245 2876 1575 2946 potestatem
1594 2873 1820 2941 habere;
1843 2873 2058 2931 nedum
2083 2892 2151 2930 ex
2210 2896 2231 2921 .-,
2282 2861 2288 2882 ²

326 2986 437 3023 crae
457 2966 762 3044 Scripturae
778 2969 1128 3041 testimonio,
1148 2970 1315 3028 dictis
1336 2977 1658 3029 sanctorum
1677 2974 1905 3031 Patrum
1930 2991 1994 3031 ac
2011 2972 2195 3031 alioru
2215 3015 2232 3053 5

326 3068 709 3126 Romanorum
746 3071 1105 3144 Pontificum,
1134 3073 1231 3130 sed
1256 3072 1480 3149 propria
1506 3074 1678 3131 etiam
1714 3075 2044 3132 eorumdem
2070 3092 2161 3133 co·
2191 3096 2211 3124 a

326 3168 536 3225 liorum
560 3170 916 3243 confessione
938 3172 1237 3231 manifeste
1278 3181 1515 3232 constat.
1542 3198 1570 3229 ι»
1599 3175 1719 3232 Alia
1753 3176 1933 3232 multa
1966 3175 2026 3233 in
2055 3194 2144 3253 pr·
2173 3201 2208 3225 ν

327 3266 541 3325 tionem
581 3267 713 3325 addi
751 3277 1003 3345 possent,
1044 3290 1169 3346 quae
1209 3273 1694 3348 praetermittimus
1732 3274 2024 3332 brevitatis
2058 3292 2221 3346 caus

326 3375 378 3426 et
410 3369 541 3444 quia
569 3368 735 3427 facile
761 3376 996 3446 possunt
1019 3389 1085 3428 ex
1107 3372 1225 3446 jam
1252 3372 1417 3430 dictis
1441 3391 1472 3430 a
1499 3374 1706 3433 lectore
1730 3376 2044 3452 introspici.
2181 3379 2187 3384 “

628 3556 709 3610 58.
737 3578 792 3587 —
821 3555 929 3604 Quot
950 3556 1231 3611 requirantur
1257 3558 1450 3614 Episcopi
1467 3560 1520 3603 ad
1550 3561 1944 3609 oecumenicitatem.
2202 3594 2212 3626 ς

409 3702 436 3732 «
465 3679 796 3756 Respondeo
841 3681 941 3755 (ait
981 3673 1380 3753 Bellarminus,
1417 3686 1485 3742 de
1520 3685 1791 3754 Gom-iliis,
1833 3685 1875 3743 l.
1919 3687 1960 3761 1,
2000 3704 2052 3744 c.
2099 3705 2153 3742 x
