2340 3990
331 260 418 307 158
1000 259 1303 307 TRACTATUS
1334 261 1399 307 DE
1431 264 1581 310 ΡΑΡΑ.

328 366 704 426 nubilandum
738 365 1016 442 ejusmodi
1047 365 1256 422 factum
1287 369 1552 426 rationes,
1590 370 1688 427 Hic
1717 373 2052 432 adnotamus
2086 375 2244 433 dum·
2324 419 2326 422 ψ

328 473 482 524 taxat
513 473 802 544 peractum
844 465 901 522 id
927 465 1105 522 fuisse
1142 466 1426 541 synodice.
1474 467 1564 525 Sic
1603 486 1805 546 nempe
1840 471 2005 528 habet
2045 474 2239 550 Mansi,

329 567 430 624 ubi
483 564 690 639 colligit
731 581 853 638 quae
892 569 1198 640 supersunt
1240 565 1374 622 dicti
1417 566 1639 623 concilii
1687 568 1926 625 Romani
1963 571 2095 626 anni
2140 573 2247 629 726

330 667 637 739 fragmenta
661 685 672 718 :
707 662 867 720 «Hoc
894 663 1088 720 eodem
1114 665 1350 722 concilio
1375 666 1847 725 Iconoclastarum
1875 669 2072 747 haeresi
2100 669 2250 744 ejus-

332 783 441 840 que
479 763 851 820 sectatoribus
877 765 1177 822 anathema
1207 765 1421 822 dictum
1455 785 1579 824 esse
1615 772 1854 824 testatur
1882 769 2121 825 Zonaras
2160 769 2250 826 his

327 862 512 919 verbis
539 884 550 916 ε
583 862 882 935 Gregorius,
913 866 999 936 qui
1025 871 1132 921 tum
1163 864 1348 921 Romae
1382 867 1572 921 veteris
1588 866 1877 923 Ecclesiam
1905 868 2243 940 qubernabat‚

327 961 607 1033 repudiata
639 963 889 1017 societate
911 964 1151 1036 praesidis
1178 982 1327 1019 novae
1353 964 1550 1033 Romae,
1578 965 1768 1021 Leonis
1803 966 1999 1021 scilicet
2028 968 2250 1038 impera-
2335 1013 2338 1018 .

331 1062 481 1128 toris,
510 1078 714 1115 necnon
741 1079 918 1116 eorum
952 1063 1038 1134 qui
1063 1062 1212 1117 illum
1244 1070 1606 1135 sequerentur,
1642 1063 1760 1118 illos
1801 1082 1908 1118 una
1941 1082 2056 1119 cum
2093 1065 2252 1137 impe-

326 1165 504 1214 ratore
542 1159 789 1232 synodico
837 1162 1171 1216 anathemate
1220 1162 1520 1228 obstrinxit,
1564 1170 1614 1216 et
1642 1162 1915 1233 vectiyalia
1943 1181 2055 1234 quae
2094 1162 2162 1217 ad
2195 1161 2250 1216 id

324 1275 487 1330 usque
538 1265 740 1331 tempus
781 1260 998 1331 imperio
1032 1260 1430 1333 impedebantur
1465 1261 1710 1327 inhibuit,
1747 1263 1847 1316 icto
1891 1279 2005 1316 cum
2029 1260 2249 1316 Francis

323 1355 540 1430 foedere.
568 1377 595 1408 »
650 1357 852 1430 Igitur,
880 1364 1023 1415 teste
1045 1358 1315 1415 historico
1342 1357 1527 1415 Graeco
1553 1360 1784 1427 Zonara‚
1814 1377 1916 1434 per
1942 1359 2249 1416 concilium

322 1456 640 1512 Romanum
664 1457 819 1513 Italia
851 1457 1179 1533 imperatori
1210 1457 1378 1515 Leoni
1413 1464 1599 1534 erepta
1628 1467 1733 1526 est,
1779 1466 1832 1516 ct
1867 1459 2155 1534 prohitum
2182 1478 2253 1517 ne

323 1556 589 1632 deinceps
620 1557 724 1630 ipsi
758 1558 1040 1615 tributum
1072 1560 1405 1617 solveretur.

399 1656 459 1710 ll.
505 1655 792 1712 Concilium
836 1658 1134 1714 Romanum
1175 1661 1302 1714 anni
1338 1657 1486 1714 1076
1519 1660 1612 1714 sub
1653 1660 1901 1730 Greyorio
1939 1659 2090 1731 Papa
2131 1660 2248 1716 VII.

326 1789 395 1797 —
417 1756 697 1830 Exiguum
722 1776 832 1813 non
861 1758 1039 1814 fuisse
1067 1758 1435 1833 praesentium
1471 1757 1531 1813 in
1559 1759 1663 1814 hoc
1691 1758 1931 1814 concilio
1959 1758 2255 1834 Episcopo-

323 1874 452 1911 rum
480 1875 786 1912 numerum
814 1862 1084 1931 praenotat
1107 1858 1280 1914 Mansi
1311 1858 1402 1914 his
1422 1857 1605 1914 verbis
1628 1880 1639 1913 z
1669 1858 1761 1915 Ubi
1783 1860 2020 1932 interfuit
2041 1859 2253 1932 Episco-

316 1974 509 2028 por-um
547 1964 596 2012 et
618 1957 896 2024 Abbatum‚
930 1966 1085 2032 atque
1122 1960 1314 2015 diversi
1349 1960 1549 2015 ordinis
1582 1959 1886 2015 clericorum
1922 1966 1971 2014 et
2000 1959 2251 2015 laicorum

322 2060 490 2129 copia.
527 2058 922 2131 (Conciliorum
947 2059 1119 2115 Mansi
1147 2065 1187 2116 t.
1215 2061 1323 2130 XX,
1349 2060 1455 2116 col.
1491 2060 1645 2132 467.)
1703 2060 1765 2115 Et
1788 2059 1930 2114 infra
1960 2060 2086 2133 (col.
2115 2061 2245 2132 470)

320 2156 565 2212 refertur
591 2158 994 2216 documentum
1024 2158 1381 2225 historicum,
1414 2158 1470 2213 in
1502 2176 1612 2231 quo
1643 2156 1723 2212 sic
1751 2158 1934 2230 legere
1958 2163 2038 2212 est
2065 2178 2076 2210 :
2106 2157 2249 2212 Pon-

321 2254 454 2324 tifex
491 2257 663 2312 habito
697 2277 810 2313 cum
850 2266 1059 2313 centum
1098 2265 1148 2312 et
1183 2258 1360 2312 decem
1388 2257 1664 2330 Episcopis
1694 2256 1890 2310 utiliori
1920 2255 2162 2326 concilio,
2196 2257 2247 2309 in
2275 2327 2278 2332 Ι

324 2354 561 2408 eumdem
591 2354 784 2428 Reqem
832 2355 907 2428 (id
938 2361 1042 2422 est,
1071 2355 1376 2411 Henricum
1404 2355 1488 2420 IV)
1520 2357 1606 2426 qui
1641 2354 2050 2409 ecclesiasticam
2075 2357 2251 2410 unitu-

330 2458 432 2506 tem
466 2453 707 2509 scindere
733 2457 1032 2521 attentavit,
1065 2456 1618 2511 excommunicationis
1649 2455 1963 2508 sententium
1986 2454 2246 2527 praetulit.

331 2547 561 2621 Magnus
593 2549 769 2623 igitur
793 2553 1020 2607 Patrum
1054 2553 1291 2627 hujusce
1319 2550 1543 2608 concilii
1571 2567 1864 2606 numerus.

411 2643 577 2700 Porro
605 2648 942 2704 sententiam
977 2649 1038 2704 in
1073 2651 1179 2706 hac
1217 2651 1427 2725 synodo
1462 2654 1652 2705 contra
1687 2646 1991 2703 Henricum
2027 2645 2088 2699 IV
2124 2663 2249 2720 pro—

330 2742 647 2800 nuntiatam
687 2746 859 2803 refert
896 2748 1206 2805 Germanus
1246 2748 1547 2805 historicus
1583 2746 1790 2804 Eccard
1821 2747 1926 2801 hoc
1962 2742 2127 2799 modo
2159 2765 2170 2797 :

409 2862 436 2893 «
467 2841 731 2916 Sequenti
766 2845 855 2901 die
880 2846 1149 2903 Dominus
1173 2848 1317 2922 Papa
1352 2865 1540 2903 coram
1575 2845 1786 2921 synodo
1815 2841 2115 2900 declaravit
2144 2859 2253 2915 qua

331 2945 767 3002 mansuetudine
803 2965 993 3020 regem
1031 2949 1098 3004 de
1131 2947 1351 3022 magnis
1382 2946 1719 3004 criminibus
1756 2943 2140 3018 corripuisset,
2167 2945 2253 2995 ut-

332 3057 440 3113 que
467 3028 756 3118 episcopos
782 3064 811 3101 a
836 3046 1152 3121 captivitate
1172 3046 1463 3114 liberaret,
1492 3050 1698 3119 quanta
1717 3042 1988 3099 suavitate
2011 3042 2256 3113 rogasset

332 3142 387 3195 et
415 3142 698 3217 jussisset,
733 3150 1118 3221 quantamque
1149 3146 1428 3222 superbiae
1454 3141 1891 3201 amaritudinem
1929 3139 2249 3215 recepisset.

330 3241 535 3299 Deinde
565 3242 784 3298 cunctis
810 3245 1274 3311 acclamantibus,
1307 3263 1378 3301 ne
1411 3243 1538 3300 talis
1570 3237 1911 3299 contumelia
1942 3239 2256 3294 remaneret

334 3343 551 3409 inulta,
606 3343 863 3398 omnium
914 3345 1149 3402 consilio
1195 3351 1251 3401 et
1293 3361 1602 3414 consensu,
1646 3339 1949 3396 Henricum
2003 3332 2253 3422 synodali

332 3443 547 3519 judicio
572 3442 876 3510 damnavit,
908 3445 1167 3519 regisque
1207 3442 1436 3500 nomine
1473 3446 1527 3498 et
1553 3442 1763 3496 honore
1796 3435 2052 3514 privavit,
2090 3439 2255 3507 atque

338 3542 712 3601 anathematis
750 3542 934 3615 gladio
965 3543 1268 3619 percussit.
1294 3565 1321 3598 >2
1355 3538 1550 3619 (Mansi
1570 3537 1832 3596 Collectio
1861 3533 2252 3600 conciliorum,

339 3650 381 3700 t.
411 3642 520 3715 XX,
558 3642 663 3700 col.
698 3641 858 3715 474.)
